2596 4838
223 376 269 453 Β
381 375 726 447 ntssnltrorto
757 376 1006 446 suulorcn‘

262 581 314 649 0b
340 580 496 658 eandem,
525 602 611 669 quae
633 581 723 648 dieta
757 591 820 661 eet,
848 582 1007 648 rationem
1027 580 1170 647 meritus
1244 571 1246 574 ’

222 731 291 779 non
303 717 458 785 tenetur,
472 706 514 773 de
533 709 618 773 mele
637 707 784 773 adhibito
805 707 911 794 pretio
922 728 1028 772 renim
1050 704 1176 777 immo:

219 839 350 915 bdium,
369 858 452 924 quae
470 859 552 904 uxor
565 838 736 926 separata
755 838 923 919 alienavit3
953 836 1066 924 nequit
1082 837 1169 901 enim

219 963 351 1056 prorius
363 986 445 1031 uxor
463 987 513 1033 ree
525 964 596 1034 suae
614 968 806 1046 immobiles,
821 968 943 1056 absque
961 966 1067 1033 mariti
1086 985 1168 1031 eon·
1215 1033 1217 1037 .

181 1156 184 1161 .
221 1093 314 1162 sensu
330 1095 500 1161 elicuere:
523 1097 679 1182 quoniam
700 1097 765 1162 Lex
783 1098 905 1175 voluit,
929 1097 1022 1184 quod
1037 1095 1168 1161 maritus

102 1273 113 1297 „
221 1217 350 1286 neeesse
370 1217 489 1284 habeat
510 1241 646 1298 curare,
666 1231 703 1286 ut
713 1223 854 1309 peeunie
878 1245 897 1289 e
918 1222 1106 1290 venditione
1118 1241 1172 1286 re-

220 1367 294 1414 rum
320 1346 530 1414 immobilium
568 1348 720 1428 reductu,
760 1351 845 1417 bene
877 1350 1068 1417 collocetur.
1108 1349 1173 1414 lix·

223 1472 331 1560 oeptio
354 1480 463 1536 tomen
491 1481 558 1549 est,
588 1471 612 1536 u
639 1471 789 1560 praeiens
811 1475 907 1541 fuerit
930 1477 1083 1553 meritus,
1112 1473 1170 1538 ubi

222 1599 544 1678 contrectandam,
568 1611 625 1665 eut
649 1600 673 1667 n
693 1602 832 1689 pretium
855 1622 967 1668 earum
989 1599 1056 1687 ipse
1075 1621 1179 1669 neoe-,
1230 1578 1234 1585 ’

223 1731 308 1818 perit
331 1739 364 1796 et
384 1729 421 1794 in
439 1727 532 1792 usum
552 1726 643 1795 suum
662 1731 855 1799 converterit
878 1729 962 1818 (48).
997 1728 1041 1808 ,Si
1066 1735 1175 1793 nutem

222 1879 274 1925 ree
291 1858 377 1929 ,iliae
405 1856 640 1936 venderentur,
674 1857 841 1943 praesente
878 1878 919 1924 ec
941 1836 1172 1924 ,eonsentiente

226 1985 364 2062 merito,
385 1980 675 2070 teneturquidem
701 1983 744 2050 de
761 1985 868 2070 pretio
888 2006 998 2050 earum
1017 1994 1104 2052 reete
1123 1984 1175 2050 lo·

222 2110 399 2175 cundoet
427 2108 645 2189 rettituend03
673 2108 805 2174 minime
833 2118 942 2174 temen
971 2110 1013 2178 de
1036 2111 1175 2176 utilitate

222 2235 319 2324 hujus
341 2232 426 2300 usus.
638 2208 640 2212 Ι

222 2393 229 2407 ⁴
265 2362 365 2448 Quod
394 2370 503 2429 eutem
533 2358 618 2426 soluo
642 2354 815 2457 consensue
839 2356 964 2435 meriti,
995 2367 1053 2423 aut
1079 2356 1172 2425 nuda

223 2492 295 2580 ejus
327 2488 523 2577 praesentia,
556 2486 630 2552 ubi.
647 2507 698 2552 ree
720 2485 898 2552 immobiles
920 2486 1030 2551 uxorio
1049 2484 1173 2553 reude-

223 2619 362 2694 bantur,
394 2617 495 2695 fnest,
523 2625 560 2679 ut
581 2613 659 2680 iude
683 2623 853 2692 teneatur,
876 2634 946 2679 nou
970 2612 1174 2701 querendum

224 2756 273 2812 eet
293 2744 423 2814 marito.
452 2744 487 2809 Si
509 2743 595 2808 enim
619 2712 689 2808 non
711 2748 800 2808 reete
822 2740 995 2807 adhibetur
1015 2742 1175 2829 pecunie,

222 2870 459 2943 seseoeeusure
483 2869 600 2947 debet,
630 2869 724 2958 quod
746 2868 958 2947 oontemserit,
983 2880 1040 2937 eut
1062 2869 1179 2938 'vendi-
1285 2871 1289 2879 “

225 3004 307 3072 tioni
330 3001 509 3069 interfuerit
520 3045 533 3080 ,.
560 3020 662 3087 quam
691 2997 862 3084 probibere
882 3005 1065 3084 potuerat..
1093 2997 1177 3063 ilino

225 3133 325 3216 igitur
345 3131 505 3216 sequitur,
537 3127 678 3212 oquin,
710 3125 799 3195 verbi
820 3124 939 3211 grutid,
970 3125 1109 3211 pretium
1132 3125 1179 3190 rei
1243 3196 1246 3205 ,

223 3253 396 3321 immobilis
411 3263 515 3318 emtee
532 3250 636 3319 solvat
658 3252 767 3328 uxori,
788 3272 857 3317 non
878 3249 1099 3324 consentiente
1119 3261 1180 3316 eut

223 3380 454 3447 interveniente
477 3378 617 3454 marito,
652 3399 727 3444 eum
749 3379 835 3445 mele
857 3401 975 3468 egere3
1007 3379 1088 3445 dum
1114 3376 1179 3446 sese

224 3506 371 3596 periculo
396 3504 552 3592 objiciet,
585 3504 895 3594 nepontrnipsum
919 3509 1082 3574 notionem
1107 3528 1181 3573 mo-

111 3661 113 3665 *
226 3637 307 3702 ritus
330 3641 462 3731 tentet:x
475 3633 597 3719 quippe
617 3632 676 3719 qui
698 3633 745 3697 illi
767 3633 926 3718 imputare
948 3634 1062 3720 pouit,
1085 3633 1179 3719 quod

144 3834 146 3838 ,
226 3762 269 3829 ob
294 3771 415 3828 emtore
440 3757 610 3827 oeeefione
633 3758 729 3826 fuerit
754 3757 921 3826 destitutus
945 3757 1180 3847 prospiciendi,

1141 3910 1184 3956 ne

259 4041 325 4122 (48)
351 4002 422 4105 Art.¹
438 4041 523 4144 ribo.
