<?xml version="1.0" encoding="UTF-8"?>
<!DOCTYPE html PUBLIC "-//W3C//DTD XHTML 1.0 Transitional//EN"
    "http://www.w3.org/TR/xhtml1/DTD/xhtml1-transitional.dtd">
<html xmlns="http://www.w3.org/1999/xhtml" xml:lang="en" lang="en">
 <head>
  <title>
</title>
<meta http-equiv="Content-Type" content="text/html;charset=utf-8" />
  <meta name='ocr-system' content='tesseract 3.04.00' />
  <meta name='ocr-capabilities' content='ocr_page ocr_carea ocr_par ocr_line ocrx_word'/>
</head>
<body>
  <div class='ocr_page' id='page_1' title='image "./dissertatiojuri00greygoog_0043.png"; bbox 0 0 2596 4838; ppageno 0'>
   <div class='ocr_carea' id='block_1_1' title="bbox 219 335 1024 415">
    <p class='ocr_par' dir='ltr' id='par_1_1' title="bbox 219 335 1024 415">
     <span class='ocr_line' id='line_1_1' title="bbox 219 335 1024 415; baseline -0.006 0"><span class='ocrx_word' id='word_1_1' title='bbox 219 344 265 415; x_wconf 66' lang='grc' dir='ltr'>ω</span> <span class='ocrx_word' id='word_1_2' title='bbox 364 335 735 408; x_wconf 76' lang='lat' dir='ltr'>DISSERTATIO</span> <span class='ocrx_word' id='word_1_3' title='bbox 769 336 1024 410; x_wconf 81' lang='lat' dir='ltr'><strong>tuttrotca</strong></span> 
     </span>
    </p>
   </div>
   <div class='ocr_carea' id='block_1_2' title="bbox 189 543 1268 3831">
    <p class='ocr_par' dir='ltr' id='par_1_2' title="bbox 219 543 1175 756">
     <span class='ocr_line' id='line_1_2' title="bbox 220 543 1175 624; baseline -0.002 -7"><span class='ocrx_word' id='word_1_4' title='bbox 220 549 287 618; x_wconf 85' lang='lat' dir='ltr'><strong>tine</strong></span> <span class='ocrx_word' id='word_1_5' title='bbox 311 543 512 624; x_wconf 71' lang='lat' dir='ltr'><strong>discrimine,</strong></span> <span class='ocrx_word' id='word_1_6' title='bbox 535 553 652 611; x_wconf 79' lang='lat' dir='ltr'><strong>utrum·</strong></span> <span class='ocrx_word' id='word_1_7' title='bbox 666 564 705 611; x_wconf 86' lang='lat' dir='ltr'><strong>ea</strong></span> <span class='ocrx_word' id='word_1_8' title='bbox 728 545 764 610; x_wconf 89' lang='lat' dir='ltr'><strong>iu</strong></span> <span class='ocrx_word' id='word_1_9' title='bbox 785 544 1013 622; x_wconf 87' lang='lat' dir='ltr'><strong>commuuione</strong></span> <span class='ocrx_word' id='word_1_10' title='bbox 1037 544 1175 616; x_wconf 81' lang='lat' dir='ltr'><strong>admise-</strong></span> 
     </span>
     <span class='ocr_line' id='line_1_3' title="bbox 219 671 756 756; baseline -0.009 -11"><span class='ocrx_word' id='word_1_11' title='bbox 219 678 283 756; x_wconf 86' lang='lat' dir='ltr'><strong>rit,</strong></span> <span class='ocrx_word' id='word_1_12' title='bbox 312 694 356 742; x_wconf 88' lang='lat' dir='ltr'><strong>an</strong></span> <span class='ocrx_word' id='word_1_13' title='bbox 389 692 466 742; x_wconf 84' lang='lat' dir='ltr'><strong>rero</strong></span> <span class='ocrx_word' id='word_1_14' title='bbox 496 673 553 740; x_wconf 89' lang='lat' dir='ltr'><strong>illa</strong></span> <span class='ocrx_word' id='word_1_15' title='bbox 576 671 756 740; x_wconf 78' lang='lat' dir='ltr'><strong>excluserit.</strong></span> 
     </span>
    </p>

    <p class='ocr_par' dir='ltr' id='par_1_3' title="bbox 219 797 1193 2554">
     <span class='ocr_line' id='line_1_4' title="bbox 251 797 1174 889; baseline 0.005 -24"><span class='ocrx_word' id='word_1_16' title='bbox 251 797 1174 889; x_wconf 76' lang='lat' dir='ltr'><strong>Antiqrrior,quaeinl&#39;rarrcriiobtinuitjurieprudentia,</strong></span> 
     </span>
     <span class='ocr_line' id='line_1_5' title="bbox 219 927 1177 1023; baseline 0.001 -25"><span class='ocrx_word' id='word_1_17' title='bbox 219 927 425 1023; x_wconf 78' lang='lat' dir='ltr'><strong>concedebat</strong></span> <span class='ocrx_word' id='word_1_18' title='bbox 436 928 530 997; x_wconf 89' lang='lat' dir='ltr'><strong>uxori</strong></span> <span class='ocrx_word' id='word_1_19' title='bbox 541 927 775 1017; x_wconf 76' lang='lat' dir='ltr'><strong>separationem</strong></span> <span class='ocrx_word' id='word_1_20' title='bbox 793 927 955 996; x_wconf 87' lang='lat' dir='ltr'><strong>bonorum</strong></span> <span class='ocrx_word' id='word_1_21' title='bbox 963 941 1091 1019; x_wconf 88' lang='lat' dir='ltr'><strong>petere,</strong></span> <span class='ocrx_word' id='word_1_22' title='bbox 1105 953 1177 1001; x_wconf 90' lang='lat' dir='ltr'><strong>nou</strong></span> 
     </span>
     <span class='ocr_line' id='line_1_6' title="bbox 222 1055 1176 1150; baseline 0.003 -25"><span class='ocrx_word' id='word_1_23' title='bbox 222 1065 370 1136; x_wconf 87' lang='lat' dir='ltr'><strong>tantum,</strong></span> <span class='ocrx_word' id='word_1_24' title='bbox 390 1055 448 1125; x_wconf 84' lang='lat' dir='ltr'><strong>ubi</strong></span> <span class='ocrx_word' id='word_1_25' title='bbox 467 1079 539 1136; x_wconf 83' lang='lat' dir='ltr'><strong>ree,</strong></span> <span class='ocrx_word' id='word_1_26' title='bbox 554 1079 638 1146; x_wconf 87' lang='lat' dir='ltr'><strong>quae</strong></span> <span class='ocrx_word' id='word_1_27' title='bbox 648 1055 706 1124; x_wconf 81' lang='lat' dir='ltr'><strong>fibi</strong></span> <span class='ocrx_word' id='word_1_28' title='bbox 722 1057 934 1126; x_wconf 79' lang='lat' dir='ltr'><strong>restituendae</strong></span> <span class='ocrx_word' id='word_1_29' title='bbox 952 1059 1017 1128; x_wconf 81' lang='lat' dir='ltr'><strong>esse</strong></span> <span class='ocrx_word' id='word_1_30' title='bbox 1028 1061 1176 1150; x_wconf 81' lang='lat' dir='ltr'><strong>stipulata</strong></span> 
     </span>
     <span class='ocr_line' id='line_1_7' title="bbox 223 1186 1178 1281; baseline 0.001 -27"><span class='ocrx_word' id='word_1_31' title='bbox 223 1187 350 1266; x_wconf 88' lang='lat' dir='ltr'><strong>suerat,</strong></span> <span class='ocrx_word' id='word_1_32' title='bbox 375 1187 410 1253; x_wconf 90' lang='lat' dir='ltr'><strong>in</strong></span> <span class='ocrx_word' id='word_1_33' title='bbox 422 1186 601 1274; x_wconf 86' lang='lat' dir='ltr'><strong>periculmu</strong></span> <span class='ocrx_word' id='word_1_34' title='bbox 623 1187 797 1255; x_wconf 78' lang='lat' dir='ltr'><strong>veniebant</strong></span> <span class='ocrx_word' id='word_1_35' title='bbox 809 1211 818 1271; x_wconf 83' lang='lat'>3</span> <span class='ocrx_word' id='word_1_36' title='bbox 832 1186 888 1256; x_wconf 85' lang='lat' dir='ltr'><strong>sed</strong></span> <span class='ocrx_word' id='word_1_37' title='bbox 908 1191 1028 1269; x_wconf 88' lang='lat' dir='ltr'><strong>etiam,</strong></span> <span class='ocrx_word' id='word_1_38' title='bbox 1042 1189 1178 1281; x_wconf 86' lang='lat' dir='ltr'><strong>quando</strong></span> 
     </span>
     <span class='ocr_line' id='line_1_8' title="bbox 225 1313 1184 1404; baseline 0 -21"><span class='ocrx_word' id='word_1_39' title='bbox 225 1313 362 1391; x_wconf 85' lang='lat' dir='ltr'><strong>nonnisi</strong></span> <span class='ocrx_word' id='word_1_40' title='bbox 370 1335 431 1394; x_wconf 87' lang='lat' dir='ltr'><strong>ree,</strong></span> <span class='ocrx_word' id='word_1_41' title='bbox 442 1336 528 1403; x_wconf 88' lang='lat' dir='ltr'><strong>quae</strong></span> <span class='ocrx_word' id='word_1_42' title='bbox 537 1315 733 1404; x_wconf 79' lang='lat' dir='ltr'><strong>ebsqueulll</strong></span> <span class='ocrx_word' id='word_1_43' title='bbox 741 1317 964 1394; x_wconf 75' lang='lat' dir='ltr'><strong>revocatione,</strong></span> <span class='ocrx_word' id='word_1_44' title='bbox 977 1318 1184 1384; x_wconf 60' lang='lat' dir='ltr'><strong>communio«</strong></span> 
     </span>
     <span class='ocr_line' id='line_1_9' title="bbox 226 1440 1182 1535; baseline 0.005 -26"><span class='ocrx_word' id='word_1_45' title='bbox 226 1442 262 1509; x_wconf 90' lang='lat' dir='ltr'><strong>ni</strong></span> <span class='ocrx_word' id='word_1_46' title='bbox 284 1440 482 1519; x_wconf 84' lang='lat' dir='ltr'><strong>tradiderat,</strong></span> <span class='ocrx_word' id='word_1_47' title='bbox 504 1442 782 1529; x_wconf 84' lang='lat' dir='ltr'><strong>periclitabantur.</strong></span> <span class='ocrx_word' id='word_1_48' title='bbox 821 1444 904 1509; x_wconf 89' lang='lat' dir='ltr'><strong>llinc</strong></span> <span class='ocrx_word' id='word_1_49' title='bbox 928 1443 1071 1533; x_wconf 85' lang='lat' dir='ltr'><strong>conjux,</strong></span> <span class='ocrx_word' id='word_1_50' title='bbox 1094 1467 1182 1535; x_wconf 84' lang='lat' dir='ltr'><strong>quae</strong></span> 
     </span>
     <span class='ocr_line' id='line_1_10' title="bbox 224 1572 1182 1661; baseline -0.003 -21"><span class='ocrx_word' id='word_1_51' title='bbox 224 1573 351 1640; x_wconf 90' lang='lat' dir='ltr'><strong>nullum</strong></span> <span class='ocrx_word' id='word_1_52' title='bbox 374 1572 561 1641; x_wconf 79' lang='lat' dir='ltr'><strong>confeceret</strong></span> <span class='ocrx_word' id='word_1_53' title='bbox 585 1574 771 1661; x_wconf 79' lang='lat' dir='ltr'><strong>nuptiarum</strong></span> <span class='ocrx_word' id='word_1_54' title='bbox 794 1582 1017 1650; x_wconf 89' lang='lat' dir='ltr'><strong>contractum,</strong></span> <span class='ocrx_word' id='word_1_55' title='bbox 1040 1581 1073 1638; x_wconf 88' lang='lat' dir='ltr'><strong>et</strong></span> <span class='ocrx_word' id='word_1_56' title='bbox 1092 1580 1182 1638; x_wconf 82' lang='lat' dir='ltr'><strong>ottu-</strong></span> 
     </span>
     <span class='ocr_line' id='line_1_11' title="bbox 224 1698 1189 1789; baseline -0.004 -23"><span class='ocrx_word' id='word_1_57' title='bbox 224 1698 308 1767; x_wconf 88' lang='lat' dir='ltr'><strong>lerat</strong></span> <span class='ocrx_word' id='word_1_58' title='bbox 339 1721 408 1768; x_wconf 92' lang='lat' dir='ltr'><strong>rem</strong></span> <span class='ocrx_word' id='word_1_59' title='bbox 436 1700 655 1780; x_wconf 83' lang='lat' dir='ltr'><strong>immobilem,</strong></span> <span class='ocrx_word' id='word_1_60' title='bbox 689 1723 730 1768; x_wconf 85' lang='lat' dir='ltr'><strong>ec</strong></span> <span class='ocrx_word' id='word_1_61' title='bbox 756 1722 909 1789; x_wconf 74' lang='lat' dir='ltr'><strong>maguam</strong></span> <span class='ocrx_word' id='word_1_62' title='bbox 932 1698 1100 1767; x_wconf 90' lang='lat' dir='ltr'><strong>mobilium</strong></span> <span class='ocrx_word' id='word_1_63' title='bbox 1122 1720 1189 1765; x_wconf 66' lang='lat'>000.</span> 
     </span>
     <span class='ocr_line' id='line_1_12' title="bbox 229 1826 1183 1919; baseline -0.005 -23"><span class='ocrx_word' id='word_1_64' title='bbox 229 1829 340 1919; x_wconf 80' lang='lat' dir='ltr'><strong>piam3</strong></span> <span class='ocrx_word' id='word_1_65' title='bbox 371 1827 434 1898; x_wconf 77' lang='lat' dir='ltr'><strong>five</strong></span> <span class='ocrx_word' id='word_1_66' title='bbox 456 1827 539 1894; x_wconf 88' lang='lat' dir='ltr'><strong>illud</strong></span> <span class='ocrx_word' id='word_1_67' title='bbox 559 1827 723 1895; x_wconf 87' lang='lat' dir='ltr'><strong>immobile</strong></span> <span class='ocrx_word' id='word_1_68' title='bbox 744 1827 854 1895; x_wconf 87' lang='lat' dir='ltr'><strong>adhue</strong></span> <span class='ocrx_word' id='word_1_69' title='bbox 874 1828 910 1894; x_wconf 91' lang='lat' dir='ltr'><strong>in</strong></span> <span class='ocrx_word' id='word_1_70' title='bbox 933 1848 1041 1913; x_wconf 84' lang='lat' dir='ltr'><strong>rerum</strong></span> <span class='ocrx_word' id='word_1_71' title='bbox 1065 1826 1183 1893; x_wconf 78' lang='lat' dir='ltr'><strong>ueturl</strong></span> 
     </span>
     <span class='ocr_line' id='line_1_13' title="bbox 231 1953 1184 2042; baseline -0.001 -22"><span class='ocrx_word' id='word_1_72' title='bbox 231 1953 394 2033; x_wconf 81' lang='lat' dir='ltr'><strong>exstabat,</strong></span> <span class='ocrx_word' id='word_1_73' title='bbox 415 1953 479 2022; x_wconf 84' lang='lat' dir='ltr'><strong>five</strong></span> <span class='ocrx_word' id='word_1_74' title='bbox 499 1974 550 2020; x_wconf 84' lang='lat' dir='ltr'><strong>rer</strong></span> <span class='ocrx_word' id='word_1_75' title='bbox 570 1954 725 2033; x_wconf 72' lang='lat' dir='ltr'><strong>mobiles,</strong></span> <span class='ocrx_word' id='word_1_76' title='bbox 747 1976 835 2042; x_wconf 87' lang='lat' dir='ltr'><strong>quoe</strong></span> <span class='ocrx_word' id='word_1_77' title='bbox 858 1954 902 2020; x_wconf 85' lang='lat' dir='ltr'><strong>ad</strong></span> <span class='ocrx_word' id='word_1_78' title='bbox 924 1954 1184 2022; x_wconf 84' lang='lat' dir='ltr'><strong>communionem</strong></span> 
     </span>
     <span class='ocr_line' id='line_1_14' title="bbox 228 2081 1185 2171; baseline 0 -23"><span class='ocrx_word' id='word_1_79' title='bbox 228 2085 390 2171; x_wconf 86' lang='lat' dir='ltr'><strong>pertinere</strong></span> <span class='ocrx_word' id='word_1_80' title='bbox 416 2083 626 2170; x_wconf 89' lang='lat' dir='ltr'><strong>inceperant,</strong></span> <span class='ocrx_word' id='word_1_81' title='bbox 660 2081 747 2148; x_wconf 82' lang='lat' dir='ltr'><strong>solae</strong></span> <span class='ocrx_word' id='word_1_82' title='bbox 777 2085 813 2148; x_wconf 91' lang='lat' dir='ltr'><strong>in</strong></span> <span class='ocrx_word' id='word_1_83' title='bbox 841 2084 989 2169; x_wconf 89' lang='lat' dir='ltr'><strong>periculo</strong></span> <span class='ocrx_word' id='word_1_84' title='bbox 1011 2082 1185 2163; x_wconf 79' lang='lat' dir='ltr'><strong>versaban-</strong></span> 
     </span>
     <span class='ocr_line' id='line_1_15' title="bbox 229 2185 1193 2307; baseline -0.001 -30"><span class='ocrx_word' id='word_1_85' title='bbox 229 2219 304 2288; x_wconf 88' lang='lat' dir='ltr'><strong>tur,</strong></span> <span class='ocrx_word' id='word_1_86' title='bbox 334 2185 477 2277; x_wconf 81' lang='lat' dir='ltr'><strong>habebat</strong></span> <span class='ocrx_word' id='word_1_87' title='bbox 504 2209 708 2286; x_wconf 76' lang='lat' dir='ltr'><strong>facultatem,</strong></span> <span class='ocrx_word' id='word_1_88' title='bbox 739 2208 784 2275; x_wconf 90' lang='lat' dir='ltr'><strong>ad</strong></span> <span class='ocrx_word' id='word_1_89' title='bbox 804 2208 894 2277; x_wconf 89' lang='lat' dir='ltr'><strong>suam</strong></span> <span class='ocrx_word' id='word_1_90' title='bbox 913 2213 1098 2298; x_wconf 90' lang='lat' dir='ltr'><strong>portionem</strong></span> <span class='ocrx_word' id='word_1_91' title='bbox 1119 2212 1193 2307; x_wconf 57' lang='lat' dir='ltr'><strong>ser«</strong></span> 
     </span>
     <span class='ocr_line' id='line_1_16' title="bbox 230 2336 1186 2427; baseline -0.005 -18"><span class='ocrx_word' id='word_1_92' title='bbox 230 2336 535 2426; x_wconf 79' lang='lat' dir='ltr'><strong>raudam,propter</strong></span> <span class='ocrx_word' id='word_1_93' title='bbox 549 2336 605 2425; x_wconf 82' lang='lat' dir='ltr'><strong>jue</strong></span> <span class='ocrx_word' id='word_1_94' title='bbox 626 2337 885 2413; x_wconf 76' lang='lat' dir='ltr'><strong>communionis,</strong></span> <span class='ocrx_word' id='word_1_95' title='bbox 898 2336 1013 2424; x_wconf 82' lang='lat' dir='ltr'><strong>quood</strong></span> <span class='ocrx_word' id='word_1_96' title='bbox 1032 2338 1186 2427; x_wconf 79' lang='lat' dir='ltr'><strong>reliquiae</strong></span> 
     </span>
     <span class='ocr_line' id='line_1_17' title="bbox 233 2463 1144 2554; baseline 0.001 -20"><span class='ocrx_word' id='word_1_97' title='bbox 233 2487 341 2534; x_wconf 84' lang='lat' dir='ltr'><strong>rerum</strong></span> <span class='ocrx_word' id='word_1_98' title='bbox 363 2465 531 2534; x_wconf 89' lang='lat' dir='ltr'><strong>mobilium</strong></span> <span class='ocrx_word' id='word_1_99' title='bbox 552 2465 788 2554; x_wconf 76' lang='lat' dir='ltr'><strong>separationem</strong></span> <span class='ocrx_word' id='word_1_100' title='bbox 812 2463 977 2531; x_wconf 89' lang='lat' dir='ltr'><strong>bonorum</strong></span> <span class='ocrx_word' id='word_1_101' title='bbox 998 2466 1144 2553; x_wconf 84' lang='lat' dir='ltr'><strong>petendi.</strong></span> 
     </span>
    </p>

    <p class='ocr_par' dir='ltr' id='par_1_4' title="bbox 189 2595 1268 3456">
     <span class='ocr_line' id='line_1_18' title="bbox 275 2595 1188 2683; baseline 0.002 -22"><span class='ocrx_word' id='word_1_102' title='bbox 275 2595 382 2663; x_wconf 82' lang='lat' dir='ltr'><strong>Hodie</strong></span> <span class='ocrx_word' id='word_1_103' title='bbox 415 2603 543 2675; x_wconf 87' lang='lat' dir='ltr'><strong>tamen,</strong></span> <span class='ocrx_word' id='word_1_104' title='bbox 586 2597 635 2661; x_wconf 89' lang='lat' dir='ltr'><strong>uti</strong></span> <span class='ocrx_word' id='word_1_105' title='bbox 671 2595 888 2676; x_wconf 83' lang='lat' dir='ltr'><strong>dictumest,</strong></span> <span class='ocrx_word' id='word_1_106' title='bbox 921 2603 1056 2683; x_wconf 90' lang='lat' dir='ltr'><strong>propter</strong></span> <span class='ocrx_word' id='word_1_107' title='bbox 1085 2597 1188 2664; x_wconf 85' lang='lat' dir='ltr'><strong>ratio·</strong></span> 
     </span>
     <span class='ocr_line' id='line_1_19' title="bbox 189 2720 1188 2810; baseline -0.001 -20"><span class='ocrx_word' id='word_1_108' title='bbox 189 2726 190 2730; x_wconf 72' lang='grc'>’</span> <span class='ocrx_word' id='word_1_109' title='bbox 235 2741 335 2800; x_wconf 76' lang='lat' dir='ltr'><strong>nun,</strong></span> <span class='ocrx_word' id='word_1_110' title='bbox 367 2722 435 2810; x_wconf 82' lang='lat' dir='ltr'><strong>qul</strong></span> <span class='ocrx_word' id='word_1_111' title='bbox 475 2722 588 2788; x_wconf 81' lang='lat' dir='ltr'><strong>ultime</strong></span> <span class='ocrx_word' id='word_1_112' title='bbox 621 2720 720 2788; x_wconf 84' lang='lat' dir='ltr'><strong>verba</strong></span> <span class='ocrx_word' id='word_1_113' title='bbox 765 2721 888 2808; x_wconf 85' lang='lat' dir='ltr'><strong>primae</strong></span> <span class='ocrx_word' id='word_1_114' title='bbox 929 2721 1109 2808; x_wconf 85' lang='lat' dir='ltr'><strong>particulae</strong></span> <span class='ocrx_word' id='word_1_115' title='bbox 1152 2724 1188 2789; x_wconf 93' lang='lat' dir='ltr'><strong>in</strong></span> 
     </span>
     <span class='ocr_line' id='line_1_20' title="bbox 235 2846 1190 2935; baseline 0 -18"><span class='ocrx_word' id='word_1_116' title='bbox 235 2847 315 2918; x_wconf 79' lang='lat' dir='ltr'><strong>Art.</strong></span> <span class='ocrx_word' id='word_1_117' title='bbox 339 2849 424 2917; x_wconf 69' lang='lat' dir='ltr'><strong>leta</strong></span> <span class='ocrx_word' id='word_1_118' title='bbox 453 2850 528 2916; x_wconf 89' lang='lat' dir='ltr'><strong>suut</strong></span> <span class='ocrx_word' id='word_1_119' title='bbox 556 2850 708 2927; x_wconf 86' lang='lat' dir='ltr'><strong>redacte,</strong></span> <span class='ocrx_word' id='word_1_120' title='bbox 738 2870 821 2914; x_wconf 85' lang='lat' dir='ltr'><strong>uxor</strong></span> <span class='ocrx_word' id='word_1_121' title='bbox 842 2846 1077 2935; x_wconf 82' lang='lat' dir='ltr'><strong>separationem</strong></span> <span class='ocrx_word' id='word_1_122' title='bbox 1100 2850 1190 2917; x_wconf 85' lang='lat' dir='ltr'><strong>illem</strong></span> 
     </span>
     <span class='ocr_line' id='line_1_21' title="bbox 238 2973 1192 3072; baseline -0.003 -26"><span class='ocrx_word' id='word_1_123' title='bbox 238 3001 354 3072; x_wconf 79' lang='lat' dir='ltr'><strong>rogare</strong></span> <span class='ocrx_word' id='word_1_124' title='bbox 375 2979 509 3069; x_wconf 85' lang='lat' dir='ltr'><strong>nequit,</strong></span> <span class='ocrx_word' id='word_1_125' title='bbox 533 2974 591 3043; x_wconf 84' lang='lat' dir='ltr'><strong>niti</strong></span> <span class='ocrx_word' id='word_1_126' title='bbox 610 2975 790 3063; x_wconf 88' lang='lat' dir='ltr'><strong>periculum</strong></span> <span class='ocrx_word' id='word_1_127' title='bbox 813 2973 895 3040; x_wconf 86' lang='lat' dir='ltr'><strong>adsit</strong></span> <span class='ocrx_word' id='word_1_128' title='bbox 917 2974 1043 3042; x_wconf 89' lang='lat' dir='ltr'><strong>ratione</strong></span> <span class='ocrx_word' id='word_1_129' title='bbox 1064 2995 1192 3060; x_wconf 75' lang='lat' dir='ltr'><strong>rerum,¹</strong></span> 
     </span>
     <span class='ocr_line' id='line_1_22' title="bbox 238 3103 1198 3199; baseline -0.006 -23"><span class='ocrx_word' id='word_1_130' title='bbox 238 3131 379 3199; x_wconf 84' lang='lat' dir='ltr'><strong>querum</strong></span> <span class='ocrx_word' id='word_1_131' title='bbox 406 3106 637 3175; x_wconf 86' lang='lat' dir='ltr'><strong>restitutionem</strong></span> <span class='ocrx_word' id='word_1_132' title='bbox 670 3115 719 3171; x_wconf 88' lang='lat' dir='ltr'><strong>est</strong></span> <span class='ocrx_word' id='word_1_133' title='bbox 749 3104 924 3189; x_wconf 84' lang='lat' dir='ltr'><strong>stipulata,</strong></span> <span class='ocrx_word' id='word_1_134' title='bbox 937 3103 1000 3197; x_wconf 17' lang='lat' dir='ltr'><strong>*rel</strong></span> <span class='ocrx_word' id='word_1_135' title='bbox 1022 3124 1105 3189; x_wconf 83' lang='lat' dir='ltr'><strong>quoe</strong></span> <span class='ocrx_word' id='word_1_136' title='bbox 1125 3105 1198 3181; x_wconf 51' lang='lat' dir='ltr'><strong>Lex,</strong></span> 
     </span>
     <span class='ocr_line' id='line_1_23' title="bbox 235 3228 1268 3332; baseline -0.012 -26"><span class='ocrx_word' id='word_1_137' title='bbox 235 3236 359 3306; x_wconf 74' lang='lat' dir='ltr'><strong>restitui</strong></span> <span class='ocrx_word' id='word_1_138' title='bbox 392 3235 480 3311; x_wconf 80' lang='lat' dir='ltr'><strong>vult,</strong></span> <span class='ocrx_word' id='word_1_139' title='bbox 514 3240 573 3332; x_wconf 85' lang='lat' dir='ltr'><strong>eut</strong></span> <span class='ocrx_word' id='word_1_140' title='bbox 605 3228 733 3296; x_wconf 89' lang='lat' dir='ltr'><strong>ratione</strong></span> <span class='ocrx_word' id='word_1_141' title='bbox 763 3236 944 3296; x_wconf 88' lang='lat' dir='ltr'><strong>ceterorum</strong></span> <span class='ocrx_word' id='word_1_142' title='bbox 969 3228 1191 3307; x_wconf 86' lang='lat' dir='ltr'><strong>creditorum,</strong></span> <span class='ocrx_word' id='word_1_143' title='bbox 1265 3235 1268 3242; x_wconf 90' lang='lat'>&#39;</span> 
     </span>
     <span class='ocr_line' id='line_1_24' title="bbox 236 3355 740 3456; baseline -0.018 -24"><span class='ocrx_word' id='word_1_144' title='bbox 236 3386 326 3456; x_wconf 82' lang='lat' dir='ltr'><strong>quae</strong></span> <span class='ocrx_word' id='word_1_145' title='bbox 343 3364 380 3430; x_wconf 91' lang='lat' dir='ltr'><strong>in</strong></span> <span class='ocrx_word' id='word_1_146' title='bbox 399 3360 607 3428; x_wconf 85' lang='lat' dir='ltr'><strong>matrimonio</strong></span> <span class='ocrx_word' id='word_1_147' title='bbox 630 3355 740 3424; x_wconf 86' lang='lat' dir='ltr'><strong>habet.</strong></span> 
     </span>
    </p>

    <p class='ocr_par' dir='ltr' id='par_1_5' title="bbox 237 3488 1254 3831">
     <span class='ocr_line' id='line_1_25' title="bbox 282 3488 1194 3583; baseline -0.003 -21"><span class='ocrx_word' id='word_1_148' title='bbox 282 3493 396 3583; x_wconf 82' lang='lat' dir='ltr'><strong>Neque</strong></span> <span class='ocrx_word' id='word_1_149' title='bbox 417 3500 484 3570; x_wconf 82' lang='lat' dir='ltr'><strong>eet,</strong></span> <span class='ocrx_word' id='word_1_150' title='bbox 507 3489 600 3580; x_wconf 85' lang='lat' dir='ltr'><strong>quod</strong></span> <span class='ocrx_word' id='word_1_151' title='bbox 622 3488 711 3559; x_wconf 87' lang='lat' dir='ltr'><strong>haue</strong></span> <span class='ocrx_word' id='word_1_152' title='bbox 734 3488 1033 3576; x_wconf 80' lang='lat' dir='ltr'><strong>interpretationem</strong></span> <span class='ocrx_word' id='word_1_153' title='bbox 1054 3489 1194 3559; x_wconf 84' lang='lat' dir='ltr'><strong>admire-</strong></span> 
     </span>
     <span class='ocr_line' id='line_1_26' title="bbox 237 3615 1254 3704; baseline -0.006 -14"><span class='ocrx_word' id='word_1_154' title='bbox 237 3642 337 3690; x_wconf 72' lang='lat' dir='ltr'><strong>murz-</strong></span> <span class='ocrx_word' id='word_1_155' title='bbox 358 3637 436 3687; x_wconf 83' lang='lat' dir='ltr'><strong>raro</strong></span> <span class='ocrx_word' id='word_1_156' title='bbox 465 3616 552 3687; x_wconf 89' lang='lat' dir='ltr'><strong>enim</strong></span> <span class='ocrx_word' id='word_1_157' title='bbox 574 3617 614 3686; x_wconf 89' lang='lat' dir='ltr'><strong>fit</strong></span> <span class='ocrx_word' id='word_1_158' title='bbox 624 3665 640 3695; x_wconf 79' lang='lat'><strong>„</strong></span> <span class='ocrx_word' id='word_1_159' title='bbox 667 3624 705 3681; x_wconf 91' lang='lat' dir='ltr'><strong>ut</strong></span> <span class='ocrx_word' id='word_1_160' title='bbox 737 3615 882 3703; x_wconf 85' lang='lat' dir='ltr'><strong>conjux,</strong></span> <span class='ocrx_word' id='word_1_161' title='bbox 920 3638 1007 3702; x_wconf 83' lang='lat' dir='ltr'><strong>quae</strong></span> <span class='ocrx_word' id='word_1_162' title='bbox 1033 3617 1193 3704; x_wconf 77' lang='lat' dir='ltr'><strong>quaedam</strong></span> <span class='ocrx_word' id='word_1_163' title='bbox 1249 3641 1254 3658; x_wconf 90' lang='grc'><strong>··</strong></span> 
     </span>
     <span class='ocr_line' id='line_1_27' title="bbox 241 3743 1192 3831; baseline -0.013 -9"><span class='ocrx_word' id='word_1_164' title='bbox 241 3752 337 3822; x_wconf 77' lang='lat' dir='ltr'><strong>essert</strong></span> <span class='ocrx_word' id='word_1_165' title='bbox 356 3750 550 3830; x_wconf 83' lang='lat' dir='ltr'><strong>secultater,</strong></span> <span class='ocrx_word' id='word_1_166' title='bbox 581 3757 639 3816; x_wconf 88' lang='lat' dir='ltr'><strong>aut</strong></span> <span class='ocrx_word' id='word_1_167' title='bbox 661 3756 748 3815; x_wconf 87' lang='lat' dir='ltr'><strong>certe</strong></span> <span class='ocrx_word' id='word_1_168' title='bbox 769 3766 881 3812; x_wconf 83' lang='lat' dir='ltr'><strong>earum</strong></span> <span class='ocrx_word' id='word_1_169' title='bbox 901 3743 1192 3831; x_wconf 81' lang='lat' dir='ltr'><strong>exspectationem,</strong></span> 
     </span>
    </p>
   </div>
   <div class='ocr_carea' id='block_1_3' title="bbox 116 3873 1195 3981">
    <p class='ocr_par' dir='ltr' id='par_1_6' title="bbox 116 3873 1195 3981">
     <span class='ocr_line' id='line_1_28' title="bbox 116 3873 1195 3981; baseline -0.013 -26"><span class='ocrx_word' id='word_1_170' title='bbox 116 3931 119 3940; x_wconf 87' lang='lat'><em>-</em></span> <span class='ocrx_word' id='word_1_171' title='bbox 241 3885 447 3953; x_wconf 89' lang='lat' dir='ltr'><strong>contractum</strong></span> <span class='ocrx_word' id='word_1_172' title='bbox 477 3877 654 3966; x_wconf 87' lang='lat' dir='ltr'><strong>nuptialem</strong></span> <span class='ocrx_word' id='word_1_173' title='bbox 683 3873 803 3942; x_wconf 89' lang='lat' dir='ltr'><strong>confici</strong></span> <span class='ocrx_word' id='word_1_174' title='bbox 833 3893 902 3938; x_wconf 90' lang='lat' dir='ltr'><strong>non</strong></span> <span class='ocrx_word' id='word_1_175' title='bbox 933 3882 1036 3981; x_wconf 77' lang='lat' dir='ltr'><strong>curet.</strong></span> <span class='ocrx_word' id='word_1_176' title='bbox 1086 3875 1126 3940; x_wconf 83' lang='lat' dir='ltr'><strong>Et</strong></span> <span class='ocrx_word' id='word_1_177' title='bbox 1151 3874 1195 3941; x_wconf 85' lang='lat' dir='ltr'><strong>fic</strong></span> 
     </span>
    </p>
   </div>
   <div class='ocr_carea' id='block_1_4' title="bbox 239 4000 1196 4194">
    <p class='ocr_par' dir='ltr' id='par_1_7' title="bbox 239 4000 1196 4194">
     <span class='ocr_line' id='line_1_29' title="bbox 239 4000 1196 4105; baseline -0.018 -22"><span class='ocrx_word' id='word_1_178' title='bbox 239 4007 378 4105; x_wconf 82' lang='lat' dir='ltr'><strong>omnino</strong></span> <span class='ocrx_word' id='word_1_179' title='bbox 402 4016 556 4097; x_wconf 81' lang='lat' dir='ltr'><strong>apparet,</strong></span> <span class='ocrx_word' id='word_1_180' title='bbox 580 4004 725 4093; x_wconf 88' lang='lat' dir='ltr'><strong>quautie</strong></span> <span class='ocrx_word' id='word_1_181' title='bbox 745 4003 819 4071; x_wconf 84' lang='lat' dir='ltr'><strong>lure</strong></span> <span class='ocrx_word' id='word_1_182' title='bbox 832 4001 995 4071; x_wconf 76' lang='lat' dir='ltr'><strong>Francz&#39;eo</strong></span> <span class='ocrx_word' id='word_1_183' title='bbox 1018 4000 1196 4092; x_wconf 80' lang='lat' dir='ltr'><strong>conjugum</strong></span> 
     </span>
     <span class='ocr_line' id='line_1_30' title="bbox 1144 4151 1196 4194; baseline -0.038 0"><span class='ocrx_word' id='word_1_184' title='bbox 1144 4151 1196 4194; x_wconf 84' lang='lat' dir='ltr'><strong>m·</strong></span> 
     </span>
    </p>
   </div>
   <div class='ocr_carea' id='block_1_5' title="bbox 0 0 1320 4838">
    <p class='ocr_par' dir='ltr' id='par_1_8' title="bbox 0 0 1320 4838">
     <span class='ocr_line' id='line_1_31' title="bbox 0 0 1320 4838; baseline 0 0"><span class='ocrx_word' id='word_1_185' title='bbox 0 0 1320 4838; x_wconf 95' lang='lat' dir='ltr'><strong> </strong></span> 
     </span>
    </p>
   </div>
  </div>
 </body>
</html>
