2596 4838
161 365 207 430 ut
321 355 670 425 ulssuttmlo
703 355 954 425 stimulet
977 395 980 401 ·

160 567 258 634 bliei:
290 586 392 654 quare
413 583 584 654 nunquam
613 564 650 628 in
672 570 846 631 contractu
870 562 1009 648 nuptiali
1031 565 1141 630 con?
1241 564 1246 574 '

162 696 271 767 venire
298 695 390 775 licet,
423 705 461 761 ut
488 716 529 762 ea
557 694 695 760 facultas
728 714 798 760 non
822 691 992 780 usurpetur
1027 693 1113 780 (at).

588 946 621 1038 ς.
660 948 695 1017 o.

209 1207 363 1279 Censetur
387 1217 495 1274 autem
529 1227 612 1273 uxor
626 1262 628 1266 .
641 1205 778 1295 ejusque
808 1207 942 1275 heredes
977 1204 1127 1293 expresse

166 1339 327 1428 accepisse
356 1339 637 1417 communionem,
674 1338 783 1404 lihac
804 1337 846 1402 de
876 1359 912 1402 re
932 1334 1123 1402 sententiam

129 1497 135 1502 ·
168 1469 258 1536 suam
278 1469 463 1544 declarent,
486 1477 543 1533 aut
562 1466 586 1532 fi
603 1488 685 1533 uxor
704 1467 738 1529 in
758 1464 904 1553 quodam
928 1464 1123 1529 instrumen·
1211 1514 1214 1519 .

168 1605 205 1662 to
236 1593 473 1661 communionis
500 1601 655 1678 acceptae
688 1592 885 1656 mentionem
913 1590 1025 1656 faciat.

211 1724 325 1810 Neque
348 1718 476 1785 abbae
503 1718 724 1784 declaratione
750 1719 785 1783 in
813 1719 975 1806 integrum
999 1717 1126 1784 restitui

170 1861 279 1939 potest
309 1870 391 1916 uxor
424 1848 542 1936 major.
590 1849 689 1932 Quod
718 1849 763 1915 ad
796 1849 955 1916 minorem
986 1850 1124 1927 attinet,

172 1981 374 2047 contrarium
401 1978 606 2045 statuendum
626 1978 765 2047 videtur.
799 1980 885 2061 Quia
907 1975 1051 2047 universe
1067 1976 1132 2042 mi·

175 2127 272 2171 nores
299 2105 511 2170 restituuntur
530 2104 573 2168 ab
606 2105 756 2170 omnibus
780 2105 927 2184 actibus,
957 2127 1017 2193 per
1045 2123 1131 2192 quos

177 2233 333 2297 damnum
352 2231 424 2315 pati
445 2228 596 2314 possunt:
627 2252 729 2317 quare
750 2231 849 2316 igitur
873 2233 972 2298 edam
994 2252 1065 2298 non
1087 2231 1131 2296 ab

176 2360 240 2425 bac
270 2355 515 2424 declaratione?

223 2487 334 2553 Tacite
369 2494 486 2552 contra
523 2484 717 2552 existimatur
753 2487 939 2553 communio
973 2501 1134 2578 accepta,

181 2616 207 2684 fi
237 2614 319 2703 quid
344 2614 454 2690 fieret,
485 2612 575 2679 unde
603 2612 782 2680 necessario
808 2617 960 2682 voluntas
987 2637 1135 2683 commu-

182 2744 290 2812 nionis
305 2778 309 2787 ,
324 2740 535 2829 accipiendae
571 2739 731 2829 praesumi
763 2743 850 2808 licet.
891 2743 994 2811 Debet
1028 2756 1138 2814 aut·

183 2875 336 2943 voluntas
371 2874 455 2943 baec
493 2871 603 2960 colligi
632 2893 673 2937 ex
708 2869 868 2959 ejusmodi
895 2871 1009 2952 rebuc,
1051 2896 1139 2963 quae

187 3006 281 3072 aliter
303 3002 456 3091 explicari
489 3023 559 3069 non
581 3000 727 3089 possunt.
762 3000 1028 3095 Quotiescunque
1052 3007 1139 3074 enim

183 3137 286 3227 alicui
311 3137 379 3212 rei,
402 3156 488 3222 quae
519 3133 562 3199 ab
597 3154 698 3200 uxore
733 3143 823 3220 gesta
854 3146 924 3212 est,
958 3136 1022 3202 alia
1050 3158 1142 3203 menn

187 3263 320 3330 attribui
340 3263 455 3350 poelit3
477 3261 555 3327 inde
573 3262 835 3328 communionem
854 3262 953 3328 tacite
971 3273 1140 3349 acceptam

187 3389 274 3468 ecfe,
305 3389 443 3455 statuere
475 3387 659 3454 nonlicet.
703 3387 737 3454 si
767 3389 865 3476 igitur
896 3411 981 3456 uxor
1001 3390 1145 3478 disponit

190 3518 293 3586 dere
321 3515 467 3604 quadam
495 3516 752 3594 communionis,
782 3526 839 3582 aut
873 3516 944 3605 ejuc
972 3516 1064 3586 solvit
1084 3519 1143 3584 de·

188 3648 310 3726 bitum,
344 3643 505 3713 observari
529 3646 643 3724 debet,
666 3667 747 3711 num
768 3646 865 3712 aliam
886 3645 1061 3732 qanmdam
1084 3644 1145 3709 ba·

190 3776 282 3844 beret
314 3775 523 3864 qualitatem,
547 3784 604 3841 aut
635 3773 726 3842 aliud
755 3772 925 3862 quoddam
953 3771 1025 3861 jus,
1049 3793 1146 3862 prae·

1099 3911 1150 3968 ter

227 4053 294 4130 (57)
320 4052 390 4113 Art.
415 4055 497 4111 1453.
544 4045 552 4057 '¹
