2596 4838
309 370 911 446 [NAUGURALIS.
1050 372 1094 441 53

50 667 52 670 .
140 598 272 672 quoque
299 579 428 647 ratione
458 575 529 665 ejus
550 575 706 644 heredum
725 578 813 659 valet
843 577 928 666 (56).
970 578 1090 648 Verum
1160 638 1162 643 .

139 711 270 801 quasdem
303 718 351 777 est
379 707 445 775 hoe
478 708 555 774 loco
588 707 761 794 (nimirum
790 708 826 772 in
857 706 928 773 Art.
964 703 1091 798 1460),

139 849 264 907 lantum
300 838 498 904 mentionem
530 837 602 901 fieri
625 836 666 900 de
690 836 810 902 vidua:
842 838 931 904 unde
959 838 1096 907 dubium

140 970 225 1037 torte
253 967 403 1043 videtur,
439 986 484 1029 an
508 963 607 1030 etiam
640 961 726 1051 idem
745 963 829 1049 juris
864 963 922 1042 fit,
954 965 978 1031 fi
1005 989 1096 1035 com.

139 1096 255 1164 munio
276 1095 387 1171 aliter,
417 1114 457 1159 ao
480 1100 586 1158 morte
607 1091 712 1158 mariti
737 1089 938 1160 dissolvatur.
972 1096 1026 1161 Est
1047 1106 1098 1163 ta-

141 1243 242 1302 men,
269 1224 322 1291 uti
343 1231 442 1311 puto,
480 1220 674 1290 affirmando
702 1222 989 1308 respondendum:
1020 1227 1100 1312 quia

142 1354 178 1419 in
209 1352 324 1440 quovis
361 1349 440 1418 casu
472 1350 585 1417 eadem
625 1350 716 1421 adest
747 1352 843 1417 ratio.
887 1353 969 1418 llam
1007 1352 1101 1440 qnod

141 1483 207 1548 Lax
237 1480 368 1550 viduam
403 1479 630 1546 tantummodo
656 1491 914 1558 commemorat,
944 1481 984 1548 fit
1012 1480 1098 1559 hoc,

142 1610 220 1699 quia
245 1610 437 1698 plerumque
472 1618 577 1673 morte
614 1609 798 1680 alterutrius
825 1609 975 1696 conjugis
1010 1633 1102 1676 eom·

143 1739 257 1812 munio
280 1738 402 1804 finitur.
445 1737 594 1803 Ceterum
622 1735 865 1823 distinguuntur
888 1737 987 1801 etiam
1003 1739 1038 1834 in
1067 1739 1102 1804 d.

145 1865 217 1942 Art.
251 1865 336 1936 1460
362 1864 462 1933 verba
492 1865 638 1928 devertis·
662 1872 696 1930 at
720 1864 878 1929 ‘revelare
912 1887 989 1932 nam
1016 1870 1104 1954 prius

128 1985 242 2060 'notat
275 2014 345 2058 rem
377 1990 556 2079 surripere,
591 2013 634 2058 ne
659 1992 695 2057 in
726 1993 876 2059 notitiam
907 2015 1020 2060 sorum
1049 2020 1105 2063 ve-

146 2122 237 2201 niat,
269 2141 411 2210 quorum
437 2121 585 2187 interest:
613 2122 773 2207 posterius
797 2144 875 2190 vero
900 2134 947 2190 est
977 2127 1103 2214 aliquid

145 2248 351 2324 iraudulose,
370 2249 538 2336 omittere,
574 2250 711 2336 quando
748 2252 923 2317 conficitur
954 2253 1105 2321 inventa·

143 2376 243 2459 rium3
276 2385 315 2442 ut
346 2384 461 2463 postea
495 2375 567 2462 ejus
593 2377 653 2442 fiat
666 2373 684 2456 ,'
708 2379 880 2463 qui-illam
914 2383 1102 2447 occultavit.

90 2510 92 2515 ’
152 2577 156 2599 ί
187 2507 331 2575 Ratione
370 2515 479 2572 autem
509 2505 638 2582 mariti,
673 2504 753 2592 qnia
790 2503 875 2571 solus
906 2516 1023 2573 auctor
1059 2517 1107 2573 est

145 2636 386 2706 communionis
407 2634 609 2712 debitorum,
641 2636 706 2699 Lex
730 2635 760 2699 ei
783 2656 852 2700 non
880 2634 1034 2702 concedit
1057 2638 1073 2711 l
1093 2674 1108 2688 -

146 2765 302 2846 cultatem
333 2763 573 2844 renunciandi3
614 2783 656 2828 ne
694 2762 742 2828 ita
772 2762 830 2850 ipfi
865 2763 947 2832 adlit
980 2764 1109 2831 occasio

146 2890 211 2961 iasa
238 2892 397 2980 eripiendi
421 2890 693 2979 obligationibus,
718 2910 844 2977 quase
874 2875 1009 2978 proprio
1038 2892 1109 2977 ejus
1186 2932 1195 2945 ·

148 3020 238 3103 lacto
270 3021 473 3088 exstiterunt:
496 3019 575 3106 quia
604 3016 669 3082 hoo
703 3017 875 3103 aequitatis
903 3021 1034 3106 regulae
1055 3041 1108 3087 re·

148 3158 286 3237 pugnat.
319 3149 433 3237 Neque
452 3147 549 3214 mam
570 3144 677 3211 mariti
698 3144 871 3222 heredibus
892 3145 974 3214 haec
997 3157 1108 3235 potes·

149 3288 201 3347 tas
226 3265 347 3360 datura
377 3275 437 3347 nili
468 3274 537 3343 una
565 3274 760 3343 renunciant
781 3273 991 3344 succesfioni:
1021 3302 1107 3368 quo·

151 3405 242 3476 niam
269 3410 459 3474 contractus
484 3407 723 3475 communioni
745 3426 767 3472 a
796 3403 994 3476 succesfione
1016 3409 1108 3499 lepa-

150 3537 218 3605 rati
250 3546 431 3625 nequeunt.
472 3536 621 3604 Ceterum
653 3546 700 3602 est
721 3536 803 3602 baec
833 3536 989 3616 facultas,
1023 3555 1109 3624 qnae

147 3655 247 3735 uxori
277 3664 414 3754 ejusque
439 3663 611 3732 heredibus
646 3665 818 3744 concedit,
853 3677 891 3732 ut
920 3667 1108 3734 communio

149 3798 332 3888 accipiatur
360 3795 414 3884 rel
443 3794 650 3883 repudietur,
688 3795 893 3883 aliquatenus
923 3795 1009 3865 luris
1043 3817 1107 3882 po-

1046 3920 1109 3987 bli-

190 4071 261 4153 (56)
290 4078 359 4134 Art.
385 4077 463 4134 1460.
