2596 4838
339 356 970 479 'rusuauastrsc
1073 350 1137 464 ar

162 613 213 670 est
243 600 323 690 (52).
374 595 650 685 Quandoquidem
680 604 788 664 autem
813 597 988 686 conjuges,
1020 602 1120 689 quid-

164 731 245 820 quid
277 726 505 796 communione
537 723 690 792 dissolutd
722 727 901 812 recipiant,
935 726 994 793 fibi
1025 732 1124 797 acci·-

162 862 275 948 piunt,
303 855 404 931 illud,
434 851 530 940 quod
558 859 633 937 post
659 850 780 915 iactam
809 849 1042 937 separationem
1070 840 1144 922 ab'

162 1006 262 1055 uxore
296 982 548 1074 acquirebatur,
580 981 616 1046 in
647 978 724 1044 casu
750 982 1023 1063 renunciationis,
1060 985 1145 1052 fibu'

159 1114 328 1183 vindicare
350 1119 470 1197 potest.
983 1086 988 1095 ’

203 1244 290 1308 Num
310 1251 419 1306 tamen
448 1241 495 1305 ita
531 1239 577 1306 ad
605 1234 738 1308 uxorem
769 1260 903 1332 quoque
932 1245 1128 1330 pertineant

162 1367 280 1435 usurae
302 1375 335 1432 et
350 1364 474 1430 fructus
493 1386 620 1446 rerum,
642 1366 822 1438 dubitatur.
849 1372 968 1451 'Sunt,
991 1373 1050 1462 qui
1067 1376 1125 1441 af*

163 1496 314 1574 firment,
335 1514 379 1562 ‘ea
404 1495 447 1562 ab
469 1518 569 1564 uxore
592 1519 661 1565 non
682 1501 786 1586 repeti
797 1499 916 1587 'posse,
938 1502 998 1568 nifi
1020 1526 1041 1570 a
1065 1506 1120 1571 die
1148 1486 1151 1493 ’

161 1623 226 1690 litis
245 1625 456 1704 contestatae,
490 1635 549 1691 aut
572 1648 593 1692 a
615 1626 691 1704 dia,
721 1649 789 1714 quo
813 1648 832 1693 e
865 1631 1032 1695 Sententia
1061 1636 1122 1698 Ju-

165 1751 248 1818 dicia
272 1750 435 1818 bonorum
456 1751 617 1838 separatio
644 1753 899 1838 impetrabaturz
927 1755 1005 1839 quia
1026 1759 1124 1822 mari-

165 1889 220 1947 tus
248 1901 352 1967 usque
384 1880 430 1947 ad
459 1901 534 1946 eum
557 1879 643 1945 diem
666 1878 787 1947 sumtus
810 1882 893 1949 ferre
919 1882 1038 1965 debet,
1068 1889 1136 1974 qui·

169 2031 191 2076 c
214 2007 304 2077 victu
329 2006 423 2074 uxori
443 2003 614 2097 largiendo
641 2010 788 2078 existunt,
830 2009 894 2079 Alii
923 2023 1033 2081 tamen
1067 2017 1133 2082 ali··

166 2148 219 2203 ter
236 2138 324 2204 hanc
344 2157 414 2202 rem
440 2136 679 2225 dijudicantes,
704 2138 857 2228 negando
886 2140 1094 2231 respondent.
1123 2142 1129 2153 '

114 2301 120 2309 ·
208 2266 430 2334 Renunciatio
453 2266 537 2333 haec
558 2267 779 2333 communioni
809 2266 832 2332 fi
864 2269 907 2335 ab
932 2293 1033 2340 uxore
1063 2273 1124 2340 fie-

168 2393 243 2475 bat,
272 2404 447 2483 postquam
472 2394 606 2484 quidem
626 2405 790 2482 peteretur
822 2364 982 2482 senaratio
1014 2399 1124 2464 bono·

174 2545 266 2603 rum,
289 2535 366 2592 ante
389 2535 500 2593 temen
521 2524 721 2590 Sententiam
737 2525 858 2604 latum,
882 2537 1055 2615 propterca
1078 2518 1138 2593 re‘.¹

172 2658 342 2724 nunciatio
384 2659 442 2724 illa
480 2658 663 2746 impugnari
694 2679 764 2724 non
800 2666 928 2744 potest,
970 2654 1137 2746 tunquam¹

171 2786 263 2852 facta
305 2793 381 2851 ante
422 2785 682 2852 communionem
733 2781 929 2850 dissolutam.
980 2783 1133 2854 Censetur

173 2917 261 2983 enim
287 2915 472 2982 communio
500 2913 630 2982 dissolvi
660 2936 730 2981 non
758 2925 887 2980 tantum
913 2913 966 2979 die
995 2914 1132 2976 Senten-

173 3049 240 3114 tiae
270 3049 379 3125 latae,
410 3042 466 3116 sed
483 3043 556 3134 jam
591 3064 635 3110 eo
655 3041 725 3132 ipso
750 3051 914 3130 tempore,
934 3031 1019 3129 'quo
1041 3048 1133 3129 pete·

175 3171 274 3242 batur
296 3173 380 3262 (ts).
804 3165 807 3171 ’

612 3299 644 3388 5.
664 3297 697 3365 b.

183 3586 186 3592 ·
222 3530 298 3625 Non
318 3564 427 3623 autem
445 3551 628 3622 indistincte
649 3555 742 3622 uxori
761 3556 971 3636 conceditur,
993 3556 1058 3625 hoc
1082 3577 1136 3622 re·

177 3685 367 3777 pudiendac
399 3685 635 3753 communionis
673 3683 835 3754 beneficio
867 3687 927 3754 uti.
982 3685 1016 3752 si
1048 3685 1135 3751 enirn

1082 3813 1134 3877 1⁰.

217 3988 287 4063 (ba)
311 3988 380 4049 Art.
407 3989 487 4046 145³.

217 4085 285 4158 (55)
312 4085 379 4152 vid.
407 4085 520 4160 Stans,
548 4082 570 4145 l.
593 4083 616 4144 1.
642 4080 731 4158 xlx,
757 4102 793 4155 r,
820 4085 890 4159 2164
