2596 4838
325 408 951 476 INAUGURALIS.
1097 414 1120 483 7

165 617 275 686 munio
304 617 373 706 ipsd
406 619 497 706 Legis
522 621 553 686 vi
581 620 666 688 inter
695 618 852 707 conjuges
870 619 980 686 locum
999 615 1120 684 hebere

163 748 328 834 coeperit,
358 750 465 814 minue
484 748 623 816 constet.
664 749 805 831 Quidam
828 748 943 836 Legem
963 747 1119 845 Renum,

163 877 296 965 deque
326 878 500 943 Dronrsrus
527 879 642 943 Hsnrc.
666 877 690 943 l.
714 877 739 942 l.
761 876 851 963 ogit,
884 873 943 960 ipo
965 874 1122 962 originem

165 1004 313 1082 dedisse,
344 1002 504 1070 credunt:
528 1003 581 1068 elii
600 1024 639 1067 ex
656 1011 775 1070 eventu
791 1022 865 1067 eam
884 1009 1015 1066 enatam
1036 1001 1119 1080 esic,

163 1132 350 1220 perhibent.
393 1131 501 1214 Quum
523 1131 609 1197 enim
633 1128 723 1217 prius
749 1127 900 1195 distincto
927 1149 968 1194 nc
996 1126 1125 1217 {epm

166 1269 203 1327 to
229 1259 385 1349 conjuges
408 1258 495 1325 intei
532 1257 564 1325 se
596 1258 753 1326 heberent
784 1259 897 1339 boun,
932 1256 1065 1346 sponsas
1089 1261 1124 1326 in

169 1389 292 1475 nuptiis
311 1386 479 1465 ineundis,
503 1386 670 1474 utriusque
681 1387 833 1453 fortunae
852 1382 1052 1453 consortium
1074 1387 1128 1453 sti·

169 1516 299 1604 puletas
322 1514 387 1584 esse
409 1514 569 1582 credunt:
593 1515 705 1594 unde,
729 1515 882 1602 quiehee
903 1513 1128 1600 stipulationes

169 1646 301 1713 tandem
322 1645 510 1731 frequenter
529 1642 798 1720 intercedebant,
831 1643 920 1707 dicte
944 1643 1130 1708 commuuio

167 1773 205 1842 in
231 1772 284 1859 jus
312 1769 448 1838 transiit.

215 1899 300 1966 Sunt
334 1900 452 1974 etiem,
487 1898 546 1983 qui
577 1897 735 1982 quoniam
764 1897 872 1964 viret
900 1917 982 1962 uxor
1008 1897 1133 1964 ratione

173 2030 323 2116 corporis
349 2050 412 2115 pro
444 2050 510 2093 uno
539 2027 695 2104 hebetur,
729 2027 811 2092 illud
841 2028 886 2094 nd
905 2028 995 2094 bonu
1021 2050 1133 2096 eorum

172 2157 337 2244 prolatum
361 2153 446 2234 esse,
481 2157 582 2225 sient.
627 2155 813 2222 Secundum
830 2154 1009 2222 nonnullos
1024 2164 1135 2222 temen

171 2285 405 2354 Gssmouuu
434 2285 579 2352 instituto
615 2284 690 2350 huie
726 2285 773 2351 rei
803 2282 915 2352 onium
951 2282 1133 2351 dederunt:

171 2414 327 2499 quoniam
359 2415 498 2481 Tscrrus
528 2414 571 2480 de
600 2414 639 2478 iis
666 2415 786 2493 retert3
822 2412 923 2498 ‚ipsu
941 2412 1138 2498 incipientis

174 2542 399 2610 :matrimonii
426 2539 579 2628 auspiciis
610 2539 777 2606 mulierem
806 2537 998 2618 admoneri,
1028 2540 1138 2609 venire

175 2669 233 2741 »se
260 2636 411 2735 laborum
432 2644 716 2754 periculorumque
740 2664 881 2745 sociem,
904 2666 1000 2738 vidern
1018 2669 1054 2737 in
1075 2690 1137 2755 pa·

175 2817 263 2873 sce,
286 2796 374 2862 idem
397 2798 432 2862 in
455 2797 582 2884 proelio
603 2793 768 2884 passuram
797 2795 1013 2884 ausurumque
1028 2795 1136 2883 (lm-'⁸

178 2924 304 2991 Certiue
330 2933 379 2991 est
411 2926 501 3012 apud
525 2925 653 2991 Gsunos
678 2925 804 3009 saepius
821 2933 1035 2989 memoratum
1048 2941 1139 2990 conr·

178 3053 369 3120 munionem
411 3053 486 3142 jum
531 3054 713 3144 antiquitus
756 3049 912 3140 viguisse:
959 3073 981 3120 n
1022 3049 1170 3142 quibus

177 3181 334 3270 deinceps
365 3191 399 3249 et
429 3183 574 3262 Fusscr,
616 3190 649 3248 et
685 3182 867 3248 recentiore
901 3182 998 3250 etism
1031 3194 1139 3254 eeteto

176 3309 299 3384 'Brenn
322 3312 473 3392 incolae,
495 3334 570 3380 eam
595 3311 770 3380 sssumfisie
793 3311 955 3380 ridentur.

179 3484 184 3492 -
225 3437 353 3508 cnam
380 3445 467 3509 enirn
487 3454 637 3511 naturum
666 3466 707 3512 ec
735 3466 842 3512 mores
874 3446 1018 3512 orrum
1047 3465 1140 3513 com·

180 3589 385 3648 memorans,
416 3573 459 3637 de
491 3571 580 3640 Bell.
612 3572 779 3653 Gsnnrcn,
807 3574 875 3655 VI,
915 3577 975 3654 19,
1008 3576 1055 3641 ite
1085 3575 1139 3642 in·
1220 3559 1222 3562 ’

178 3698 276 3784 quit:
308 3699 427 3778 uviri,
453 3709 596 3787 quantes
618 3703 776 3787 pecunias
802 3701 845 3768 eb
876 3702 1032 3770 uxoribus
1054 3703 1142 3771 dotis

128 3846 131 3859 ·
187 3828 344 3898 rnemine
367 3838 582 3916 acceperunt,
612 3839 720 3896 tentes
743 3851 783 3897 cx
807 3830 870 3897 suis
900 3830 1015 3911 bonis,
1047 3831 1141 3899 sesti·

1073 3980 1143 4028 ms·

224 4103 291 4176 (ις)
319 4104 452 4164 Tscsrus
477 4107 512 4163 de
535 4090 661 4166 Moribus
684 4120 825 4167 annuns.
846 4111 917 4194 Cap.
939 4115 983 4169 18.
