2596 4838
216 369 263 446 aa
361 363 725 444 nissnarirro
759 366 1015 436 auumrca

257 569 421 637 Titulustl
443 571 580 668 primurn
610 567 755 636 Concilio
783 569 941 638 Ordinum
965 572 1171 667 Generaliunt

217 700 319 768 nostri
343 699 466 788 Regni,
498 721 517 766 e
537 700 634 789 Regis
657 698 814 766 mandato
837 700 974 766 traditus
995 713 1064 770 erat
1079 704 1171 786 1(1.4

213 826 358 895 ianuarii
382 829 486 911 1822;
518 853 558 896 ae
581 815 635 896 die
659 830 700 896 18
723 829 867 918 ejusdem
887 832 1001 898 meniis
1022 834 1168 901 ianuarii

215 951 352 1043 sequens
382 954 505 1022 Titulus
527 959 560 1024 7.
580 1020 587 1038 (Α
604 957 877 1046 Quandoquidem
896 958 968 1047 jam
991 962 1167 1046 permultae

212 1081 250 1148 in
279 1090 450 1170 utramque
470 1095 596 1170 partem
616 1085 763 1170 prolatae
785 1095 878 1150 erant
903 1087 1164 1166 emendationes,

126 1176 131 1182 ⁹
212 1229 304 1301 nova·
337 1207 514 1296 deignatio
564 1212 733 1297 utriusque
771 1210 862 1296 Legis
904 1207 1013 1277 loeum
1050 1214 1168 1295 haltere

212 1306 341 1421 eoepit,
373 1357 477 1423 eaque
507 1337 623 1401 iterum
652 1337 757 1403 eidem
783 1339 929 1405 Concilio
950 1341 1169 1420 offerebatur3

211 1462 319 1529 mense
343 1464 451 1528 Martis
475 1464 541 1528 fere
561 1464 680 1540 medio.
725 1466 813 1547 Quid
835 1477 943 1532 autem
965 1469 1001 1531 in
1021 1470 1126 1535 Titulo
1145 1469 1168 1535 6

211 1589 310 1657 etiam
341 1597 421 1655 tune
454 1592 620 1656 nonnullis
651 1591 748 1679 hujus
775 1593 907 1682 Collegii
931 1595 1034 1660 Sociis
1056 1594 1166 1662 obfer-

211 1718 356 1819 vandum
378 1718 556 1797 videretur,
580 1722 865 1815 cognosci-potest
887 1744 905 1788 e
929 1723 1038 1790 Dianio
1060 1723 1167 1812 Regni

216 1847 537 1939 (Staatseourant)
558 1849 623 1916 diei
649 1844 701 1919 '29
732 1849 808 1936 Maji
839 1850 919 1917 dieti
949 1850 1054 1932 anni3
1097 1872 1168 1946 npn

214 1995 335 2074 niagno
360 1985 470 2042 tamen
501 1997 576 2040 eum
608 1976 742 2043 effectu:
755 2040 758 2045 ,
771 1975 828 2041 ubi
853 1977 944 2067 'enin
967 1977 1004 2041 in
1031 1977 1166 2066 publico

213 2114 380 2197 conventu
404 2103 494 2193 dicto
522 2102 574 2167 die
592 2102 638 2195 'de
663 2102 727 2168 hoe
752 2104 857 2169 'litulo
878 2115 1044 2190 ageretur,
1067 2107 1167 2199 longe

210 2227 357 2320 pluribus
381 2226 551 2312 suffragiis,
575 2229 623 2290 uti
645 2227 858 2325 offerebatur,
881 2238 928 2293 est
951 2231 1165 2317 constitutusa

176 2438 180 2447 Ι
212 2357 306 2451 quod
322 2420 326 2426 ,
341 2354 427 2420 idem
463 2353 589 2419 ratione
622 2352 718 2429 Tituli
747 2353 789 2427 7,
829 2352 863 2416 d.
894 2353 917 2418 6
945 2353 1059 2419 mentis
1089 2353 1166 2420 lulii

212 2485 357 2576 ejusdem
383 2484 480 2560 anni,
509 2483 620 2548 loeurn
648 2479 800 2547 obtinuit.

254 2616 440 2683 Occurrunt
460 2621 566 2676 autem
584 2609 666 2674 haec
687 2609 762 2674 loea
778 2610 926 2709 proxime
943 2611 978 2675 in
993 2612 1068 2677 lure
1088 2633 1169 2704 nos-p
1202 2686 1206 2692 ‚

211 2757 281 2822 tro,
300 2751 489 2835 *postquam
520 2748 667 2824 ageretur
688 2736 730 2800 de
759 2733 885 2829 Nuptiis
916 2737 1164 2835 eontrahendis‚

212 2872 462 2962 conjugumque
479 2869 607 2956 juribus
626 2877 724 2959 atque
743 2864 873 2932 officiis:
894 2885 963 2950 quo
986 2865 1027 2930 de
1049 2867 1166 2933 ordine

213 2999 416 3071 observatum
435 3007 501 3072 est,
525 3005 749 3083 argumentum
760 2993 889 3058 Titulill
905 3002 937 3060 et
954 2994 975 3059 7
991 2993 1099 3079 potius
1121 2993 1164 3059 ad

211 3129 407 3195 Contractus
430 3124 608 3210 pertinere:
632 3123 710 3208 quia
743 3122 934 3188 Communio
957 3121 1123 3188 Bonorum
1145 3145 1168 3210 e¹

212 3249 364 3318 doetrind
387 3248 583 3331 optimorum
609 3245 809 3332 Scriptorum
841 3263 881 3309 ao
906 3237 1165 3328 peritislimorum

211 3372 517 3446 tunsconsuuorum
534 3374 773 3469 estconventio
791 3373 942 3450 illorum,
966 3375 1023 3461 qui
1041 3372 1166 3439 nullum

212 3468 419 3577 contractum
439 3501 581 3599 expresse
602 3504 765 3605 inierunt:
787 3525 888 3592 quare
907 3502 963 3569 hlo
984 3501 1060 3567 sane
1082 3520 1164 3566 eon·

210 3646 335 3703 traetus
358 3631 529 3725 eujusdam
555 3635 688 3699 materia
714 3634 833 3700 exstare
856 3634 994 3701 ridetur.
1114 3698 1117 3707 Α
1164 3688 1172 3725 1

253 3762 415 3843 Quoniam
441 3782 517 3828 vero
549 3761 584 3824 in
608 3761 682 3824 lure
719 3759 809 3826 Civili
838 3766 965 3821 tantum
988 3753 1029 3818 de
1060 3751 1162 3818 caulis

210 3891 419 3986 separationis
441 3890 619 3976 petendae,
656 3908 824 3985 neomnon·
841 3885 881 3950 de
905 3881 1070 3950 effectibus
1094 3882 1165 3968 ejus

211 4022 400 4108 impetratae
438 4020 559 4106 agitur,
595 4038 732 4094 norma,
773 4035 858 4102 quae
887 4013 949 4079 hac
979 4012 1015 4078 in
1042 4031 1076 4093 re
1104 4009 1173 4109 οὺχ

1103 4133 1167 4199 fer·
