2596 4838
220 384 265 449 oo
367 377 737 446 nrssrrrarro
763 361 1026 452 turrnrca

225 590 300 654 illae
328 585 598 672 ‚acquirerentun
631 583 694 651 sive
717 583 782 651 hoc
804 586 900 654 fuerit
913 635 932 674 ,ὑ
952 597 1030 653 ante
1051 587 1183 676 separa·
1236 634 1238 640 -

224 717 345 782 tionem
369 713 590 788 iactam,'aut
610 710 667 777 illd
687 710 759 799 jam
779 714 964 802 impetrati.

264 841 375 922 Quum
407 847 516 902 autem
538 859 640 916 uxor,
670 860 756 926 quae
781 862 856 906 cum
879 842 996 908 marito
1019 842 1184 911 bonorum

224 964 489 1035 communionem
514 965 695 1043 contraxit,
726 966 804 1033 Jure
827 967 989 1035 Franea‘co
1013 971 1101 1039 bona
1125 972 1185 1039 sua

226 1097 369 1171 donare,
403 1095 545 1160 alienare
575 1095 627 1162 rel
657 1094 875 1181 oppignorare
911 1112 1074 1186 nequeat3
1108 1103 1187 1167 item

225 1221 292 1290 fine
324 1220 432 1286 mariti
466 1217 624 1288 consensu
643 1221 782 1309 aliquid
811 1220 885 1289 sive
898 1223 995 1292 titulo
1019 1227 1184 1315 gratuito,

229 1353 292 1422 five
316 1347 454 1418 oneroso
478 1368 550 1413 non
571 1349 741 1436 acquirere
763 1348 864 1437 possit
890 1350 981 1437 (51);
1014 1350 1100 1430 hoo,
1132 1351 1190 1417 ubi

228 1483 368 1568 primum
388 1478 551 1544 bonorum
571 1473 730 1562 separatio
755 1486 803 1542 est
823 1476 994 1563 impetrata
1016 1487 1117 1566 atque
1139 1478 1190 1543 es·

226 1606 332 1680 fecta,
364 1602 485 1688 partim
514 1598 635 1666 cessat:
674 1621 746 1666 non
775 1603 912 1688 amptius
945 1605 1033 1670 enirn
1064 1605 1191 1693 indiget

228 1740 311 1798 tunc
336 1729 400 1795 hac
424 1729 533 1794 mariti
556 1728 772 1805 auctoritate,
806 1727 865 1795 ubi
885 1729 921 1794 in
941 1728 1071 1817 jndicio
1101 1731 1193 1796 instia·

232 1868 323 1926 tuere
356 1857 433 1925 velit
464 1857 651 1935 actionem,
684 1879 771 1944 quae
807 1858 913 1925 tendit
943 1858 988 1925 ad
1017 1855 1192 1944 petendam

229 2007 299 2057 rem
332 1983 496 2054 mobilem.
552 1982 653 2068 Quod
687 1993 797 2050 autem
830 1986 875 2053 ad
905 2008 973 2054 rem
997 1985 1193 2055 immobilem

232 2115 393 2205 pertinet,
418 2109 490 2199 jam
515 2081 613 2177 inrea
640 2109 821 2180 dicebatur.

656 2314 690 2453 ς.
733 2365 767 2432 a.

275 2631 344 2696 Nec
373 2635 484 2692 tamen
512 2621 641 2688 necesse
672 2631 739 2698 est,
771 2629 832 2698 ut,
871 2626 1100 2691 communione
1131 2625 1197 2691 dis·

235 2756 360 2836 soluta,
383 2776 467 2820 uxor
490 2751 599 2840 ejusve
621 2750 756 2817 heredes
779 2748 903 2836 semper
921 2774 994 2818 eam
1015 2754 1196 2840 accipiant:

235 2887 303 2956 Lex
335 2882 422 2950 enim
455 2879 515 2958 iis,
547 2876 766 2944 renunciandi
797 2898 932 2966 quoque
962 2881 1010 2944 illi
1034 2880 1125 2946 dedit
1148 2883 1200 2946 fa·

237 3017 406 3082 cultatem.
464 3008 741 3097 Quandoquidem
780 3011 868 3084 enim
902 3011 1058 3092 maritus,
1097 3011 1201 3077 stante

237 3143 467 3218 matrimonio,
491 3138 581 3205 bona
602 3141 711 3203 uxoria
735 3149 894 3225 tanquam
921 3138 1072 3204 dominus
1096 3138 1201 3203 admi·

237 3267 368 3348 nistrat5
403 3287 480 3333 vera
511 3287 624 3332 eorum
658 3266 805 3333 conditio
836 3267 1031 3357 plerumque
1062 3288 1197 3331 uxorem

238 3380 340 3472 latet,
370 3415 477 3481 neque
507 3392 589 3459 haec
619 3394 710 3481 priua
732 3404 887 3481 apparet,
917 3417 1019 3482 quam
1042 3393 1202 3482 separatio

238 3522 329 3592 sacta
358 3531 417 3588 est.
466 3525 514 3590 Ne
538 3535 649 3591 autem
673 3547 789 3591 uxores
804 3535 929 3592 'temere
956 3526 1021 3593 hac
1045 3526 1202 3591 facultate

238 3650 456 3717 renunciandi
480 3650 717 3728 destituantur,
752 3656 856 3718 omnia
881 3654 1080 3731 conventio,
1112 3673 1200 3739 quae

238 3773 315 3843 huic
342 3778 434 3866 Legis
455 3776 680 3845 constitutioni
703 3787 881 3866 repugnet,
911 3777 982 3869 ipso
1001 3778 1078 3870 jure
1111 3780 1203 3848 nulla

1156 3917 1204 3977 est

279 4053 346 4128 (51)
374 4052 443 4112 Art.
467 4048 531 4126 217'.
559 4070 628 4114 con.
653 4058 718 4115 Cio.
