<?xml version="1.0" encoding="UTF-8"?>
<!DOCTYPE html PUBLIC "-//W3C//DTD XHTML 1.0 Transitional//EN"
    "http://www.w3.org/TR/xhtml1/DTD/xhtml1-transitional.dtd">
<html xmlns="http://www.w3.org/1999/xhtml" xml:lang="en" lang="en">
 <head>
  <title>
</title>
<meta http-equiv="Content-Type" content="text/html;charset=utf-8" />
  <meta name='ocr-system' content='tesseract 3.04.00' />
  <meta name='ocr-capabilities' content='ocr_page ocr_carea ocr_par ocr_line ocrx_word'/>
</head>
<body>
  <div class='ocr_page' id='page_1' title='image "./dissertatiojuri00greygoog_0022.png"; bbox 0 0 2596 4838; ppageno 0'>
   <div class='ocr_carea' id='block_1_1' title="bbox 343 395 1122 466">
    <p class='ocr_par' dir='ltr' id='par_1_1' title="bbox 343 395 1122 466">
     <span class='ocr_line' id='line_1_1' title="bbox 343 395 1122 466; baseline 0.001 -2"><span class='ocrx_word' id='word_1_1' title='bbox 343 395 934 466; x_wconf 69' lang='lat' dir='ltr'><strong>INAUGURALIS.</strong></span> <span class='ocrx_word' id='word_1_2' title='bbox 1100 396 1122 465; x_wconf 70' lang='grc'><strong>9</strong></span> 
     </span>
    </p>
   </div>
   <div class='ocr_carea' id='block_1_2' title="bbox 160 602 1129 2234">
    <p class='ocr_par' dir='ltr' id='par_1_2' title="bbox 160 602 1129 2234">
     <span class='ocr_line' id='line_1_2' title="bbox 165 602 1118 683; baseline -0.002 -14"><span class='ocrx_word' id='word_1_3' title='bbox 165 611 243 670; x_wconf 82' lang='lat' dir='ltr'><strong>nent</strong></span> <span class='ocrx_word' id='word_1_4' title='bbox 261 602 370 681; x_wconf 90' lang='lat' dir='ltr'><strong>bona,</strong></span> <span class='ocrx_word' id='word_1_5' title='bbox 395 605 568 670; x_wconf 83' lang='lat' dir='ltr'><strong>continuas</strong></span> <span class='ocrx_word' id='word_1_6' title='bbox 588 602 796 683; x_wconf 84' lang='lat' dir='ltr'><strong>dissensiones</strong></span> <span class='ocrx_word' id='word_1_7' title='bbox 827 626 867 671; x_wconf 90' lang='lat' dir='ltr'><strong>ac</strong></span> <span class='ocrx_word' id='word_1_8' title='bbox 888 603 1021 670; x_wconf 84' lang='lat' dir='ltr'><strong>tandem</strong></span> <span class='ocrx_word' id='word_1_9' title='bbox 1044 603 1118 668; x_wconf 89' lang='lat' dir='ltr'><strong>tris-</strong></span> 
     </span>
     <span class='ocr_line' id='line_1_3' title="bbox 164 729 1119 817; baseline -0.001 -21"><span class='ocrx_word' id='word_1_10' title='bbox 164 732 312 797; x_wconf 88' lang='lat' dir='ltr'><strong>tisfimam</strong></span> <span class='ocrx_word' id='word_1_11' title='bbox 342 731 537 798; x_wconf 82' lang='lat' dir='ltr'><strong>discordiam</strong></span> <span class='ocrx_word' id='word_1_12' title='bbox 570 731 718 810; x_wconf 83' lang='lat' dir='ltr'><strong>existere,</strong></span> <span class='ocrx_word' id='word_1_13' title='bbox 762 731 889 799; x_wconf 86' lang='lat' dir='ltr'><strong>necesse</strong></span> <span class='ocrx_word' id='word_1_14' title='bbox 918 731 965 797; x_wconf 87' lang='lat' dir='ltr'><strong>sit.</strong></span> <span class='ocrx_word' id='word_1_15' title='bbox 1019 729 1119 817; x_wconf 82' lang='lat' dir='ltr'><strong>Apud</strong></span> 
     </span>
     <span class='ocr_line' id='line_1_4' title="bbox 162 855 1119 947; baseline 0.003 -23"><span class='ocrx_word' id='word_1_16' title='bbox 162 878 393 947; x_wconf 79' lang='lat' dir='ltr'><strong>quemcunque</strong></span> <span class='ocrx_word' id='word_1_17' title='bbox 415 855 576 946; x_wconf 83' lang='lat' dir='ltr'><strong>populum</strong></span> <span class='ocrx_word' id='word_1_18' title='bbox 598 858 697 946; x_wconf 84' lang='lat' dir='ltr'><strong>igitur</strong></span> <span class='ocrx_word' id='word_1_19' title='bbox 719 858 916 925; x_wconf 74' lang='lat' dir='ltr'><strong>matrimonii</strong></span> <span class='ocrx_word' id='word_1_20' title='bbox 948 858 1023 925; x_wconf 80' lang='lat' dir='ltr'><strong>finis</strong></span> <span class='ocrx_word' id='word_1_21' title='bbox 1048 879 1119 927; x_wconf 91' lang='lat' dir='ltr'><strong>non</strong></span> 
     </span>
     <span class='ocr_line' id='line_1_5' title="bbox 162 982 1122 1075; baseline 0 -21"><span class='ocrx_word' id='word_1_22' title='bbox 162 984 292 1054; x_wconf 86' lang='lat' dir='ltr'><strong>tantum</strong></span> <span class='ocrx_word' id='word_1_23' title='bbox 311 982 347 1052; x_wconf 88' lang='lat' dir='ltr'><strong>in</strong></span> <span class='ocrx_word' id='word_1_24' title='bbox 367 985 488 1053; x_wconf 76' lang='lat' dir='ltr'><strong>subolis</strong></span> <span class='ocrx_word' id='word_1_25' title='bbox 506 987 755 1073; x_wconf 75' lang='lat' dir='ltr'><strong>procreatione,</strong></span> <span class='ocrx_word' id='word_1_26' title='bbox 770 987 826 1053; x_wconf 86' lang='lat' dir='ltr'><strong>sed</strong></span> <span class='ocrx_word' id='word_1_27' title='bbox 847 994 879 1053; x_wconf 82' lang='lat' dir='ltr'><strong>et</strong></span> <span class='ocrx_word' id='word_1_28' title='bbox 900 989 935 1052; x_wconf 88' lang='lat' dir='ltr'><strong>in</strong></span> <span class='ocrx_word' id='word_1_29' title='bbox 956 984 1026 1075; x_wconf 79' lang='lat' dir='ltr'><strong>ejus</strong></span> <span class='ocrx_word' id='word_1_30' title='bbox 1040 987 1122 1054; x_wconf 87' lang='lat' dir='ltr'><strong>edo·</strong></span> 
     </span>
     <span class='ocr_line' id='line_1_6' title="bbox 162 1085 1129 1204; baseline 0.001 -23"><span class='ocrx_word' id='word_1_31' title='bbox 162 1119 296 1182; x_wconf 81' lang='lat' dir='ltr'><strong>catione·</strong></span> <span class='ocrx_word' id='word_1_32' title='bbox 307 1163 315 1194; x_wconf 91' lang='lat'>,</span> <span class='ocrx_word' id='word_1_33' title='bbox 327 1124 427 1203; x_wconf 86' lang='lat' dir='ltr'><strong>atque</strong></span> <span class='ocrx_word' id='word_1_34' title='bbox 445 1085 613 1203; x_wconf 64' lang='lat' dir='ltr'><strong>rstriusque</strong></span> <span class='ocrx_word' id='word_1_35' title='bbox 624 1113 775 1204; x_wconf 83' lang='lat' dir='ltr'><strong>conjugis</strong></span> <span class='ocrx_word' id='word_1_36' title='bbox 782 1115 858 1183; x_wconf 77' lang='lat' dir='ltr'><strong>vera</strong></span> <span class='ocrx_word' id='word_1_37' title='bbox 875 1113 1029 1183; x_wconf 78' lang='lat' dir='ltr'><strong>felicitate</strong></span> <span class='ocrx_word' id='word_1_38' title='bbox 1046 1110 1129 1182; x_wconf 72' lang='lat' dir='ltr'><strong>fitur</strong></span> 
     </span>
     <span class='ocr_line' id='line_1_7' title="bbox 160 1217 1120 1330; baseline 0.002 -21"><span class='ocrx_word' id='word_1_39' title='bbox 160 1242 323 1326; x_wconf 57' lang='lat' dir='ltr'><strong>hebetum</strong></span> <span class='ocrx_word' id='word_1_40' title='bbox 345 1243 399 1309; x_wconf 92' lang='lat' dir='ltr'><strong>ille</strong></span> <span class='ocrx_word' id='word_1_41' title='bbox 428 1242 596 1310; x_wconf 71' lang='lat' dir='ltr'><strong>certisime</strong></span> <span class='ocrx_word' id='word_1_42' title='bbox 615 1217 820 1310; x_wconf 80' lang='lat' dir='ltr'><strong>obtinebitur</strong></span> <span class='ocrx_word' id='word_1_43' title='bbox 831 1264 891 1330; x_wconf 86' lang='lat' dir='ltr'><strong>per</strong></span> <span class='ocrx_word' id='word_1_44' title='bbox 912 1247 1120 1312; x_wconf 86' lang='lat' dir='ltr'><strong>tenerrimum</strong></span> 
     </span>
     <span class='ocr_line' id='line_1_8' title="bbox 165 1371 1121 1467; baseline 0.001 -28"><span class='ocrx_word' id='word_1_45' title='bbox 165 1378 199 1439; x_wconf 88' lang='lat' dir='ltr'><strong>et</strong></span> <span class='ocrx_word' id='word_1_46' title='bbox 220 1371 425 1439; x_wconf 80' lang='lat' dir='ltr'><strong>cattiaflmum</strong></span> <span class='ocrx_word' id='word_1_47' title='bbox 450 1392 592 1444; x_wconf 84' lang='lat' dir='ltr'><strong>amorem</strong></span> <span class='ocrx_word' id='word_1_48' title='bbox 612 1374 698 1444; x_wconf 86' lang='lat' dir='ltr'><strong>inter</strong></span> <span class='ocrx_word' id='word_1_49' title='bbox 722 1376 899 1467; x_wconf 82' lang='lat' dir='ltr'><strong>conjuges:</strong></span> <span class='ocrx_word' id='word_1_50' title='bbox 932 1377 986 1444; x_wconf 90' lang='lat' dir='ltr'><strong>cui</strong></span> <span class='ocrx_word' id='word_1_51' title='bbox 1018 1376 1121 1462; x_wconf 88' lang='lat' dir='ltr'><strong>inpri-</strong></span> 
     </span>
     <span class='ocr_line' id='line_1_9' title="bbox 161 1501 1120 1597; baseline 0.007 -33"><span class='ocrx_word' id='word_1_52' title='bbox 161 1501 221 1565; x_wconf 74' lang='lat' dir='ltr'><strong>mis</strong></span> <span class='ocrx_word' id='word_1_53' title='bbox 251 1501 427 1571; x_wconf 87' lang='lat' dir='ltr'><strong>inserviunt</strong></span> <span class='ocrx_word' id='word_1_54' title='bbox 463 1515 533 1571; x_wconf 84' lang='lat' dir='ltr'><strong>tum</strong></span> <span class='ocrx_word' id='word_1_55' title='bbox 565 1506 756 1597; x_wconf 88' lang='lat' dir='ltr'><strong>obsequium</strong></span> <span class='ocrx_word' id='word_1_56' title='bbox 791 1502 833 1574; x_wconf 89' lang='lat' dir='ltr'><strong>ab</strong></span> <span class='ocrx_word' id='word_1_57' title='bbox 867 1528 967 1575; x_wconf 84' lang='lat' dir='ltr'><strong>uxore</strong></span> <span class='ocrx_word' id='word_1_58' title='bbox 1001 1505 1120 1572; x_wconf 87' lang='lat' dir='ltr'><strong>marito</strong></span> 
     </span>
     <span class='ocr_line' id='line_1_10' title="bbox 162 1631 1126 1718; baseline 0.004 -24"><span class='ocrx_word' id='word_1_59' title='bbox 162 1633 413 1718; x_wconf 74' lang='lat' dir='ltr'><strong>praestandum,</strong></span> <span class='ocrx_word' id='word_1_60' title='bbox 439 1634 509 1699; x_wconf 85' lang='lat' dir='ltr'><strong>tum&#39;</strong></span> <span class='ocrx_word' id='word_1_61' title='bbox 531 1632 674 1702; x_wconf 86' lang='lat' dir='ltr'><strong>desenfio</strong></span> <span class='ocrx_word' id='word_1_62' title='bbox 695 1653 736 1702; x_wconf 85' lang='lat' dir='ltr'><strong>ac</strong></span> <span class='ocrx_word' id='word_1_63' title='bbox 757 1631 943 1702; x_wconf 83' lang='lat' dir='ltr'><strong>sustentatio</strong></span> <span class='ocrx_word' id='word_1_64' title='bbox 978 1635 1126 1700; x_wconf 83' lang='lat' dir='ltr'><strong>uxorisa</strong></span> 
     </span>
     <span class='ocr_line' id='line_1_11' title="bbox 162 1760 1124 1853; baseline 0.008 -29"><span class='ocrx_word' id='word_1_65' title='bbox 162 1770 257 1845; x_wconf 81' lang='lat' dir='ltr'><strong>porte</strong></span> <span class='ocrx_word' id='word_1_66' title='bbox 285 1760 410 1845; x_wconf 83' lang='lat' dir='ltr'><strong>mariti3</strong></span> <span class='ocrx_word' id='word_1_67' title='bbox 433 1783 533 1851; x_wconf 83' lang='lat' dir='ltr'><strong>porro</strong></span> <span class='ocrx_word' id='word_1_68' title='bbox 554 1764 680 1831; x_wconf 83' lang='lat' dir='ltr'><strong>flncera</strong></span> <span class='ocrx_word' id='word_1_69' title='bbox 714 1761 860 1853; x_wconf 81' lang='lat' dir='ltr'><strong>conjugii</strong></span> <span class='ocrx_word' id='word_1_70' title='bbox 906 1762 1124 1841; x_wconf 81' lang='lat' dir='ltr'><strong>conservatio,</strong></span> 
     </span>
     <span class='ocr_line' id='line_1_12' title="bbox 161 1880 1126 1981; baseline 0.005 -30"><span class='ocrx_word' id='word_1_71' title='bbox 161 1880 250 1953; x_wconf 83' lang='lat' dir='ltr'><strong>idem</strong></span> <span class='ocrx_word' id='word_1_72' title='bbox 281 1895 363 1977; x_wconf 81' lang='lat' dir='ltr'><strong>&#39;erga</strong></span> <span class='ocrx_word' id='word_1_73' title='bbox 394 1891 513 1958; x_wconf 82' lang='lat' dir='ltr'><strong>liberos</strong></span> <span class='ocrx_word' id='word_1_74' title='bbox 545 1910 655 1970; x_wconf 86' lang='lat' dir='ltr'><strong>amor,</strong></span> <span class='ocrx_word' id='word_1_75' title='bbox 689 1890 789 1981; x_wconf 80' lang='lat' dir='ltr'><strong>atque</strong></span> <span class='ocrx_word' id='word_1_76' title='bbox 816 1890 969 1960; x_wconf 81' lang='lat' dir='ltr'><strong>educatio</strong></span> <span class='ocrx_word' id='word_1_77' title='bbox 997 1891 1126 1978; x_wconf 88' lang='lat' dir='ltr'><strong>utrique</strong></span> 
     </span>
     <span class='ocr_line' id='line_1_13' title="bbox 163 2013 1125 2108; baseline 0.009 -32"><span class='ocrx_word' id='word_1_78' title='bbox 163 2013 366 2085; x_wconf 82' lang='lat' dir='ltr'><strong>incumbens.</strong></span> <span class='ocrx_word' id='word_1_79' title='bbox 410 2020 504 2087; x_wconf 89' lang='lat' dir='ltr'><strong>Unde</strong></span> <span class='ocrx_word' id='word_1_80' title='bbox 530 2019 675 2108; x_wconf 84' lang='lat' dir='ltr'><strong>sequitur</strong></span> <span class='ocrx_word' id='word_1_81' title='bbox 691 2029 826 2107; x_wconf 87' lang='lat' dir='ltr'><strong>propter</strong></span> <span class='ocrx_word' id='word_1_82' title='bbox 854 2014 957 2106; x_wconf 81' lang='lat' dir='ltr'><strong>ipsam</strong></span> <span class='ocrx_word' id='word_1_83' title='bbox 977 2016 1125 2106; x_wconf 84' lang='lat' dir='ltr'><strong>aequita-</strong></span> 
     </span>
     <span class='ocr_line' id='line_1_14' title="bbox 163 2141 1121 2234; baseline 0.006 -30"><span class='ocrx_word' id='word_1_84' title='bbox 163 2148 249 2220; x_wconf 84' lang='lat' dir='ltr'><strong>tem,</strong></span> <span class='ocrx_word' id='word_1_85' title='bbox 269 2144 377 2210; x_wconf 86' lang='lat' dir='ltr'><strong>omnia</strong></span> <span class='ocrx_word' id='word_1_86' title='bbox 399 2142 579 2234; x_wconf 80' lang='lat' dir='ltr'><strong>conjugum</strong></span> <span class='ocrx_word' id='word_1_87' title='bbox 605 2144 694 2229; x_wconf 85' lang='lat' dir='ltr'><strong>bona</strong></span> <span class='ocrx_word' id='word_1_88' title='bbox 719 2142 904 2212; x_wconf 87' lang='lat' dir='ltr'><strong>commonia</strong></span> <span class='ocrx_word' id='word_1_89' title='bbox 917 2141 1121 2212; x_wconf 80' lang='lat' dir='ltr'><strong>essedebere.</strong></span> 
     </span>
    </p>
   </div>
   <div class='ocr_carea' id='block_1_3' title="bbox 588 2400 695 2489">
    <p class='ocr_par' dir='ltr' id='par_1_3' title="bbox 588 2400 695 2489">
     <span class='ocr_line' id='line_1_15' title="bbox 588 2400 695 2489; baseline 0.028 -20"><span class='ocrx_word' id='word_1_90' title='bbox 588 2400 621 2489; x_wconf 68' lang='lat' dir='ltr'><strong>a.</strong></span> <span class='ocrx_word' id='word_1_91' title='bbox 654 2403 695 2472; x_wconf 88' lang='lat' dir='ltr'><strong>o.</strong></span> 
     </span>
    </p>
   </div>
   <div class='ocr_carea' id='block_1_4' title="bbox 161 2652 1129 3001">
    <p class='ocr_par' dir='ltr' id='par_1_4' title="bbox 161 2652 1129 3001">
     <span class='ocr_line' id='line_1_16' title="bbox 207 2652 1127 2751; baseline 0.01 -31"><span class='ocrx_word' id='word_1_92' title='bbox 207 2654 242 2720; x_wconf 74' lang='lat' dir='ltr'><strong>Bi</strong></span> <span class='ocrx_word' id='word_1_93' title='bbox 266 2652 390 2743; x_wconf 76' lang='lat' dir='ltr'><strong>qois&#39;a</strong></span> <span class='ocrx_word' id='word_1_94' title='bbox 422 2658 525 2723; x_wconf 81' lang='lat' dir='ltr'><strong>nobie</strong></span> <span class='ocrx_word' id='word_1_95' title='bbox 549 2661 700 2747; x_wconf 79' lang='lat' dir='ltr'><strong>quaerit,</strong></span> <span class='ocrx_word' id='word_1_96' title='bbox 735 2660 904 2749; x_wconf 91' lang='lat' dir='ltr'><strong>quomodo</strong></span> <span class='ocrx_word' id='word_1_97' title='bbox 938 2662 1035 2751; x_wconf 82' lang='lat' dir='ltr'><strong>igitur</strong></span> <span class='ocrx_word' id='word_1_98' title='bbox 1069 2660 1127 2729; x_wconf 81' lang='lat' dir='ltr'><strong>illa</strong></span> 
     </span>
     <span class='ocr_line' id='line_1_17' title="bbox 163 2783 1123 2874; baseline 0.005 -25"><span class='ocrx_word' id='word_1_99' title='bbox 163 2785 352 2850; x_wconf 81' lang='lat' dir='ltr'><strong>communio</strong></span> <span class='ocrx_word' id='word_1_100' title='bbox 379 2783 565 2864; x_wconf 87' lang='lat' dir='ltr'><strong>bonorum,</strong></span> <span class='ocrx_word' id='word_1_101' title='bbox 600 2786 642 2852; x_wconf 90' lang='lat' dir='ltr'><strong>de</strong></span> <span class='ocrx_word' id='word_1_102' title='bbox 671 2798 753 2874; x_wconf 82' lang='lat' dir='ltr'><strong>qoa&#39;</strong></span> <span class='ocrx_word' id='word_1_103' title='bbox 771 2788 930 2856; x_wconf 81' lang='lat' dir='ltr'><strong>hactenus</strong></span> <span class='ocrx_word' id='word_1_104' title='bbox 966 2784 1123 2866; x_wconf 82' lang='lat' dir='ltr'><strong>diximus,</strong></span> 
     </span>
     <span class='ocr_line' id='line_1_18' title="bbox 161 2909 1129 3001; baseline 0.004 -25"><span class='ocrx_word' id='word_1_105' title='bbox 161 2912 358 2978; x_wconf 66' lang='lat' dir='ltr'><strong>&#39;definienda</strong></span> <span class='ocrx_word' id='word_1_106' title='bbox 392 2909 453 2993; x_wconf 79' lang='lat' dir='ltr'><strong>fit·;</strong></span> <span class='ocrx_word' id='word_1_107' title='bbox 483 2912 583 2978; x_wconf 88' lang='lat' dir='ltr'><strong>liceat</strong></span> <span class='ocrx_word' id='word_1_108' title='bbox 613 2913 800 2999; x_wconf 83' lang='lat' dir='ltr'><strong>sequentem</strong></span> <span class='ocrx_word' id='word_1_109' title='bbox 833 2917 905 3001; x_wconf 77' lang='lat' dir='ltr'><strong>ejus</strong></span> <span class='ocrx_word' id='word_1_110' title='bbox 938 2910 1129 2999; x_wconf 83' lang='lat' dir='ltr'><strong>descriptio·</strong></span> 
     </span>
    </p>
   </div>
   <div class='ocr_carea' id='block_1_5' title="bbox 164 3034 1223 3128">
    <p class='ocr_par' dir='ltr' id='par_1_5' title="bbox 164 3034 1223 3128">
     <span class='ocr_line' id='line_1_19' title="bbox 164 3034 1223 3128; baseline 0.002 -22"><span class='ocrx_word' id='word_1_111' title='bbox 164 3056 243 3106; x_wconf 80' lang='lat' dir='ltr'><strong>nem</strong></span> <span class='ocrx_word' id='word_1_112' title='bbox 272 3058 363 3106; x_wconf 88' lang='lat' dir='ltr'><strong>nunc</strong></span> <span class='ocrx_word' id='word_1_113' title='bbox 388 3034 521 3106; x_wconf 86' lang='lat' dir='ltr'><strong>addere.</strong></span> <span class='ocrx_word' id='word_1_114' title='bbox 567 3038 761 3106; x_wconf 70' lang='lat' dir='ltr'><strong>Communia</strong></span> <span class='ocrx_word' id='word_1_115' title='bbox 788 3049 835 3105; x_wconf 82' lang='lat' dir='ltr'><strong>eet</strong></span> <span class='ocrx_word' id='word_1_116' title='bbox 857 3038 955 3128; x_wconf 79' lang='lat' dir='ltr'><strong>»jus,</strong></span> <span class='ocrx_word' id='word_1_117' title='bbox 975 3052 1044 3126; x_wconf 86' lang='lat' dir='ltr'><strong>quo</strong></span> <span class='ocrx_word' id='word_1_118' title='bbox 1067 3041 1129 3108; x_wconf 78' lang='lat' dir='ltr'><strong>do·</strong></span> <span class='ocrx_word' id='word_1_119' title='bbox 1219 3035 1223 3043; x_wconf 83' lang='lat'>&#39;</span> 
     </span>
    </p>
   </div>
   <div class='ocr_carea' id='block_1_6' title="bbox 159 3152 1147 3876">
    <p class='ocr_par' dir='ltr' id='par_1_6' title="bbox 159 3152 1147 3876">
     <span class='ocr_line' id='line_1_20' title="bbox 159 3152 1125 3258; baseline 0.003 -25"><span class='ocrx_word' id='word_1_120' title='bbox 159 3188 181 3233; x_wconf 62' lang='lat' dir='ltr'><strong>r</strong></span> <span class='ocrx_word' id='word_1_121' title='bbox 192 3166 326 3234; x_wconf 84' lang='lat' dir='ltr'><strong>minium</strong></span> <span class='ocrx_word' id='word_1_122' title='bbox 357 3166 522 3234; x_wconf 84' lang='lat' dir='ltr'><strong>bonorum</strong></span> <span class='ocrx_word' id='word_1_123' title='bbox 553 3167 684 3234; x_wconf 80' lang='lat' dir='ltr'><strong>alteriue</strong></span> <span class='ocrx_word' id='word_1_124' title='bbox 723 3162 896 3255; x_wconf 79' lang='lat' dir='ltr'><strong>conjugis,</strong></span> <span class='ocrx_word' id='word_1_125' title='bbox 928 3188 989 3255; x_wconf 86' lang='lat' dir='ltr'><strong>per</strong></span> <span class='ocrx_word' id='word_1_126' title='bbox 1019 3152 1125 3258; x_wconf 82' lang='lat' dir='ltr'><strong>legiti-</strong></span> 
     </span>
     <span class='ocr_line' id='line_1_21' title="bbox 161 3296 1124 3388; baseline 0.003 -24"><span class='ocrx_word' id='word_1_127' title='bbox 161 3314 262 3365; x_wconf 67' lang='lat' dir='ltr'><strong>emas</strong></span> <span class='ocrx_word' id='word_1_128' title='bbox 296 3298 473 3386; x_wconf 80' lang='lat' dir='ltr'><strong>justasque·</strong></span> <span class='ocrx_word' id='word_1_129' title='bbox 506 3298 656 3385; x_wconf 81' lang='lat' dir='ltr'><strong>nuptias,</strong></span> <span class='ocrx_word' id='word_1_130' title='bbox 699 3298 735 3362; x_wconf 87' lang='lat' dir='ltr'><strong>in</strong></span> <span class='ocrx_word' id='word_1_131' title='bbox 767 3297 904 3363; x_wconf 88' lang='lat' dir='ltr'><strong>alterum</strong></span> <span class='ocrx_word' id='word_1_132' title='bbox 948 3296 1124 3388; x_wconf 78' lang='lat' dir='ltr'><strong>conjugem</strong></span> 
     </span>
     <span class='ocr_line' id='line_1_22' title="bbox 162 3421 1147 3514; baseline 0.002 -21"><span class='ocrx_word' id='word_1_133' title='bbox 162 3440 255 3513; x_wconf 68' lang='lat' dir='ltr'><strong>opto</strong></span> <span class='ocrx_word' id='word_1_134' title='bbox 286 3432 379 3513; x_wconf 80' lang='lat' dir='ltr'><strong>parte</strong></span> <span class='ocrx_word' id='word_1_135' title='bbox 414 3421 547 3492; x_wconf 76' lang='lat' dir='ltr'><strong>dimidia</strong></span> <span class='ocrx_word' id='word_1_136' title='bbox 578 3424 711 3504; x_wconf 82' lang='lat' dir='ltr'><strong>transit,</strong></span> <span class='ocrx_word' id='word_1_137' title='bbox 741 3435 841 3514; x_wconf 83' lang='lat' dir='ltr'><strong>etque</strong></span> <span class='ocrx_word' id='word_1_138' title='bbox 869 3426 900 3493; x_wconf 92' lang='lat' dir='ltr'><strong>ei</strong></span> <span class='ocrx_word' id='word_1_139' title='bbox 923 3437 955 3493; x_wconf 84' lang='lat' dir='ltr'><strong>et</strong></span> <span class='ocrx_word' id='word_1_140' title='bbox 976 3425 1012 3494; x_wconf 89' lang='lat' dir='ltr'><strong>in</strong></span> <span class='ocrx_word' id='word_1_141' title='bbox 1046 3432 1147 3495; x_wconf 74' lang='lat' dir='ltr'><strong>eum&#39;</strong></span> 
     </span>
     <span class='ocr_line' id='line_1_23' title="bbox 165 3547 1121 3643; baseline 0.003 -25"><span class='ocrx_word' id='word_1_142' title='bbox 165 3572 256 3638; x_wconf 63' lang='lat' dir='ltr'><strong>apro</strong></span> <span class='ocrx_word' id='word_1_143' title='bbox 279 3549 396 3616; x_wconf 76' lang='lat' dir='ltr'><strong>eadem</strong></span> <span class='ocrx_word' id='word_1_144' title='bbox 415 3554 520 3636; x_wconf 55' lang='lat' dir='ltr'><strong>&#39;parte</strong></span> <span class='ocrx_word' id='word_1_145' title='bbox 544 3547 676 3616; x_wconf 80' lang='lat' dir='ltr'><strong>dimidia</strong></span> <span class='ocrx_word' id='word_1_146' title='bbox 703 3550 848 3619; x_wconf 74' lang='lat' dir='ltr'><strong>actiones</strong></span> <span class='ocrx_word' id='word_1_147' title='bbox 866 3553 1009 3638; x_wconf 81' lang='lat' dir='ltr'><strong>dantur3</strong></span> <span class='ocrx_word' id='word_1_148' title='bbox 1034 3578 1121 3643; x_wconf 88' lang='lat' dir='ltr'><strong>quae</strong></span> 
     </span>
     <span class='ocr_line' id='line_1_24' title="bbox 161 3678 1119 3770; baseline 0.004 -24"><span class='ocrx_word' id='word_1_149' title='bbox 161 3680 272 3746; x_wconf 69' lang='lat' dir='ltr'><strong>selim</strong></span> <span class='ocrx_word' id='word_1_150' title='bbox 293 3679 520 3747; x_wconf 82' lang='lat' dir='ltr'><strong>tantummodo</strong></span> <span class='ocrx_word' id='word_1_151' title='bbox 543 3680 635 3750; x_wconf 82' lang='lat' dir='ltr'><strong>alteri</strong></span> <span class='ocrx_word' id='word_1_152' title='bbox 658 3678 793 3770; x_wconf 81' lang='lat' dir='ltr'><strong>conjugi</strong></span> <span class='ocrx_word' id='word_1_153' title='bbox 816 3690 854 3748; x_wconf 85' lang='lat' dir='ltr'><strong>et&#39;</strong></span> <span class='ocrx_word' id='word_1_154' title='bbox 874 3680 1024 3752; x_wconf 84' lang='lat' dir='ltr'><strong>adversos</strong></span> <span class='ocrx_word' id='word_1_155' title='bbox 1045 3703 1119 3760; x_wconf 81' lang='lat' dir='ltr'><strong>eom</strong></span> 
     </span>
     <span class='ocr_line' id='line_1_25' title="bbox 160 3784 1111 3876; baseline 0 -2"><span class='ocrx_word' id='word_1_156' title='bbox 160 3807 289 3876; x_wconf 73' lang='lat' dir='ltr'><strong>&#39;rdetee</strong></span> <span class='ocrx_word' id='word_1_157' title='bbox 319 3805 482 3874; x_wconf 60' lang='lat' dir='ltr'><strong>strinientss&#39;</strong></span> <span class='ocrx_word' id='word_1_158' title='bbox 685 3784 689 3795; x_wconf 48' lang='lat'><strong><em>¹</em></strong></span> <span class='ocrx_word' id='word_1_159' title='bbox 919 3822 922 3827; x_wconf 89' lang='grc'><em>·</em></span> <span class='ocrx_word' id='word_1_160' title='bbox 1108 3816 1111 3821; x_wconf 77' lang='grc'>’</span> 
     </span>
    </p>
   </div>
   <div class='ocr_carea' id='block_1_7' title="bbox 0 0 1302 4838">
    <p class='ocr_par' dir='ltr' id='par_1_7' title="bbox 0 0 1302 4838">
     <span class='ocr_line' id='line_1_26' title="bbox 0 0 1302 4838; baseline 0 1"><span class='ocrx_word' id='word_1_161' title='bbox 0 0 1302 4838; x_wconf 95' lang='lat' dir='ltr'><strong> </strong></span> 
     </span>
    </p>
   </div>
  </div>
 </body>
</html>
