2596 4838
162 406 206 474 06
327 399 669 472 alstra-turm
703 399 949 474 tuululcl

161 628 243 696 pore
275 604 356 687 haec
377 607 563 693 communio
585 607 712 673 initium
732 610 855 696 capiat.
883 610 998 697 Agitur
1020 613 1116 681 dein·
1216 627 1218 630 ⁴

161 706 243 819 tcepa
276 732 311 831 in
344 733 494 801 Sectiona
521 736 627 823 prima
659 737 702 802 ole
733 735 980 804 communionis
1021 741 1120 806 Com·

164 863 271 928 modis
282 884 297 943 ,·
330 859 388 961 ubi
427 860 532 928 statim
567 883 637 930 non
667 863 766 930 exstat
805 865 909 943 illud,
949 866 1040 954 quod
1076 869 1121 933 ad

93 1058 96 1063 .
166 990 257 1081 bona
283 986 459 1055 immobilia
480 988 645 1075 pertinet,
679 990 854 1066 decretum.
896 991 1004 1074 Quum
1033 995 1121 1061 enim
1156 1069 1158 1072 Α

167 1094 265 1191 'etiam
295 1136 387 1183 nuuc
408 1116 519 1184 omnia
547 1116 638 1185 bona
659 1119 857 1201 immobilia,
885 1122 988 1190 stante
1009 1124 1122 1189 matri·
1157 1122 1159 1126 ”

165 1244 280 1347 monio
314 1240 490 1332 aequifita,
523 1240 586 1317 but
622 1249 877 1332 communionis3
892 1292 894 1297 »
912 1272 983 1316 non
1015 1248 1125 1315 statui·

169 1387 241 1455 tur,
273 1392 401 1441 omnem
424 1391 492 1435 rem
521 1370 717 1439 immobilem
751 1378 1021 1444 ecommunione
1042 1398 1123 1442 cen·

173 1499 233 1570 seri
265 1496 473 1588 acquilitam3
512 1493 571 1561 nili
608 1496 756 1575 constet,
800 1519 904 1564 unum
946 1500 1124 1588 conjugum

172 1627 320 1696 habuisse
348 1626 528 1694 dominium
555 1623 608 1693 vel
637 1624 864 1713 possesionem
893 1627 1028 1714 legalem
1055 1626 1128 1714 ejua

176 1770 254 1828 ante
277 1759 424 1846 nuptiar3
453 1755 504 1824 rel
527 1753 616 1819 illam
635 1763 750 1840 poatea
769 1763 938 1840 acceptam
966 1752 1032 1821 ease
1055 1751 1128 1820 iuc-

176 1860 326 1959 cesironia
346 1891 403 1952 aut
434 1862 620 1951 donationis
630 1882 798 1950 remedio:
833 1904 919 1971 quae
940 1891 987 1950 eat
1008 1881 1129 1949 doetri-

179 2038 225 2083 na
251 2010 329 2082 Art.
358 2011 448 2106 1402,
475 2033 549 2108 con.
583 2011 706 2079 urano.

186 2193 190 2201 .
221 2140 332 2210 Altera
370 2139 467 2204 etiam
499 2158 575 2223 para
605 2135 693 2204 Ara
713 2138 797 2206 llot
827 2161 897 2208 non
933 2139 1067 2206 additur
1096 2139 1132 2204 in

179 2269 263 2353 Lege
286 2261 418 2337 nostrl,
451 2261 529 2326 Art.
555 2264 609 2326 41.
633 2269 689 2328 11⁰.
714 2267 756 2341 23
789 2264 1062 2348 quemadmodum
1084 2259 1133 2326 se·

185 2380 391 2463 cundt'rioe
418 2382 691 2470 componebature
721 2383 864 2465 scilicet,
897 2387 993 2454 ires
1014 2389 1132 2455 immo·

185 2521 259 2589 bilis
290 2516 333 2584 ab
366 2515 521 2582 alterutro
547 2510 724 2598 conjugum
758 2520 833 2597 post
859 2514 974 2580 initum
1000 2517 1133 2604 quidem

186 2652 410 2721 contractum,
450 2662 519 2730 quo
554 2640 716 2707 bonorum
745 2644 1006 2711 communionem
1038 2646 1137 2733 stipu-

189 2776 364 2862 labantur,
397 2770 453 2838 iad
489 2779 566 2836 ante
599 2771 729 2855 nuptias
767 2770 943 2859 celebratas
982 2774 1138 2863 acquisita

192 2914 263 2986 est3
293 2902 376 2970 hacc
401 2922 452 2967 rea
478 2921 496 2966 a
525 2899 601 2966 Iure
626 2898 788 2965 Francico
811 2903 951 2988 pertinet
981 2902 1025 2967 ad
1049 2923 1141 2968 eom·

194 3034 401 3115 munionem3
441 3031 498 3098 nisi
539 3031 760 3118 acquireretur
787 3052 806 3094 e
840 3030 1027 3097 conditione
1058 3052 1140 3101 con.-

197 3162 318 3226 tractui
349 3156 486 3241 nuptiali
511 3153 646 3220 inserti:
682 3177 750 3242 quo
773 3154 848 3221 casu
881 3158 969 3224 iacta
1000 3178 1144 3224 convan-

198 3283 245 3347 tio
277 3278 436 3346 observari
464 3278 600 3346 debet.-

243 3408 407 3475 llrtieulua
441 3404 526 3476 laos
563 3410 628 3498 agit
665 3411 707 3477 de
744 3422 838 3499 parte
873 3413 920 3480 rei
956 3411 1146 3490 immobiliS,

205 3559 304 3628 quam
334 3537 467 3601 maritus
494 3537 546 3604 vel
577 3559 658 3605 uxor
686 3538 853 3608 indivisam
876 3540 1023 3606 tenebat:
1057 3535 1151 3624 quod

206 3665 251 3731 ad
283 3660 456 3750 conjugem
485 3662 640 3747 partinet,
673 3685 762 3728 nunc
786 3665 932 3730 additum
962 3675 1029 3743 eat,
1062 3664 1153 3730 illam

206 3811 377 3879 nunquam
409 3789 574 3874 optionem
595 3773 734 3854 babere
757 3810 824 3855 rem
851 3791 1074 3857 communioni
1102 3813 1156 3857 re·

207 3919 395 4008 linquendi3
426 3920 570 4006 quoties,
599 3921 790 3989 auctoritate
820 3922 925 3989 mariti
951 3921 1158 3990 interceden-

208 4061 258 4129 te,
294 4072 364 4117 earn
395 4051 577 4119 redemerit.

1076 4182 1103 4270 p.
1125 4183 1160 4247 2.
