2596 4838
161 383 184 445 2
323 376 679 445 nlssulttlttto
711 379 966 450 tttlttntca

72 579 76 594 ‘
165 583 239 651 mel
273 581 384 650 saltem
420 583 599 661 sententia,
631 583 764 670 probari
808 584 925 671 possit,
962 585 1127 652 meliorem

166 711 256 800 apud
280 713 411 779 eosdem
436 713 615 790 Rouuror,
639 734 719 799 praa
743 713 893 778 masculis
913 714 949 778 in
983 715 1129 780 nonnul·

165 840 206 905 lia
225 838 350 919 cautla,
374 841 564 906 feminarum
587 839 680 906 fuisse
705 840 939 908 conditionem.

208 967 282 1037 llue
301 987 398 1034 nemo
416 969 549 1056 quidem
566 966 710 1056 spectare
731 967 891 1036 recusabit
910 970 1132 1040 Senatueeon'-

170 1094 288 1162 fultum
300 1096 382 1162 illud
407 1097 615 1185 Vellejanum
626 1122 640 1179 ;
671 1119 739 1184 quo
761 1096 886 1163 dudum
912 1097 1134 1165 constitueba·
1168 1066 1172 1109 ³

170 1234 248 1304 tur.
278 1226 439 1309 mulieres
458 1248 521 1313 pro
542 1227 611 1291 aliis
629 1226 877 1294 intervenientes
896 1248 967 1306 nen
989 1226 1134 1317 ffeaei·

173 1354 228 1422 ter
250 1353 386 1443 obligari
410 1355 481 1442 (2):
505 1353 583 1419 dum
611 1365 719 1420 tamen
739 1355 873 1420 masculi
899 1377 938 1421 ex
961 1353 1134 1443 obligatio·

175 1503 219 1556 ne
240 1481 296 1548 sul
320 1482 427 1549 valide
452 1492 636 1551 teneantur.
678 1467 782 1549 Porro
803 1483 939 1550 veniunt
957 1482 1023 1549 lroe
1044 1480 1137 1551 sensu

176 1580 438 1690 consideranda,
462 1633 547 1700 quae
574 1613 701 1677 illarum
723 1611 837 1676 aetatis
868 1610 995 1676 ratione
1017 1609 1137 1678 eonsti-

179 1749 250 1805 tuta
278 1738 372 1822 l'unt;
405 1742 504 1811 veluti
529 1740 622 1829 quod
645 1740 739 1806 eitius
770 1739 921 1805 masculis
946 1738 1139 1806 contrahere

154 1955 156 1959 ,
178 1869 385 1933 matrimonia
413 1868 535 1954 poslint
559 1869 631 1956 (3);
656 1870 813 1932 maturius
843 1839 1030 1933 testamenta
1055 1889 1138 1933 con·

110 2058 115 2067 ,
180 1994 260 2061 dant
284 1995 357 2081 (4);
381 1998 470 2080 prius
495 2017 514 2059 a
536 1997 635 2059 tutela
658 1996 857 2072 liberentur,
881 2007 913 2062 et
931 1997 1058 2063 veniam
1084 2017 1139 2061 ae-

181 2121 258 2185 tatis
287 2122 459 2212 impetrare
483 2131 616 2208 gqueant
650 2124 714 2208 (5).
767 2125 998 2210 Praeterquam
1032 2133 1139 2190 autem

183 2246 278 2336 quod
296 2247 365 2324 illi,
392 2269 533 2335 quorum
553 2249 589 2314 in
610 2250 769 2334 potestate
797 2250 870 2316 lunt
891 2253 1060 2330 mulieres,
1084 2274 1142 2318 ne-

183 2373 322 2443 cessario
355 2367 396 2440 'iis
427 2373 539 2442 dotem
569 2375 649 2442 dare
679 2374 817 2455 debent,
849 2389 930 2456 aut,
963 2380 987 2447 fi
1018 2382 1146 2459 nolint,

185 2523 228 2570 eo
245 2504 396 2591 compelli
414 2503 549 2590 possunt
565 2504 633 2591 (6);
655 2504 744 2571 haud
767 2507 982 2574 omittendum
1003 2509 1060 2576 hle
1076 2520 1144 2588 est,

187 2652 258 2698 non
285 2626 607 2698 tantum'eonstante
635 2635 843 2702 matrimonio
876 2637 1042 2703 mulierem
1075 2658 1147 2732 ma·

189 2780 268 2832 nere
286 2781 395 2827 veram
416 2781 456 2830 ac
474 2761 657 2826 naturalem
688 2759 855 2828 dominam
880 2762 967 2830 dotia
996 2765 1068 2852 (7);
1091 2763 1148 2833 sed

190 2889 334 2957 etiamin
347 2889 613 2984 eammlavarem
631 2900 798 2978 receptum
819 2891 901 2970 esse,
928 2902 985 2970 ut,
1014 2891 1149 2960 livide·
1182 2973 1186 2980 ἱ

192 3028 252 3096 ant
267 3016 418 3086 maritum
428 3013 563 3086 nimium
581 3013 647 3087 eale
663 3018 854 3109 prodigum,
878 3018 1086 3108 sequestratio
1104 3020 1151 3087 rei

193 3147 228 3221 ln
249 3144 359 3213 datein
383 3147 491 3215 datae
496 3147 569 3232 ipsu
588 3149 791 3212 concedatur
811 3149 875 3236 (8).
919 3147 1154 3231 Quodlinun

1073 3263 1155 3353 duna

229 3418 280 3492 (2)
306 3417 374 3477 vid.
400 3427 478 3479 totus
501 3425 562 3478 Tit.
581 3425 625 3482 D
647 3433 676 3480 et
700 3426 735 3489 C
752 3408 793 3480 ad
809 3428 907 3494 Sctum
929 3424 1159 3533 Venturam

199 3514 379 3589 ‘3i.()Vd
400 3526 452 3589 pr.
478 3521 506 3576 1.
532 3521 567 3576 de
595 3524 689 3592 Nupt.
1039 3594 1041 3599 Ι

109 3616 111 3618 ’
218 3611 299 3689 Ι(4)
309 3615 349 3668 L.
375 3616 403 3669 5.
426 3615 469 3676 D.
495 3616 555 3687 Qui
580 3627 647 3670 teat
667 3617 733 3684 fae
750 3615 829 3688 μοιβ
943 3659 946 3663 .

231 3711 283 3784 (5)
310 3714 349 3771 L.
371 3729 400 3766 2·
428 3711 462 3766 0.
485 3711 535 3766 De
556 3710 617 3780 laia,
646 3714 695 3780 qui
719 3727 784 3769 ven.
800 3719 859 3765 aet.
875 3711 993 3781 impetn

207 3863 209 3867 <
233 3829 283 3904 (6)
313 3830 353 3885 L.
381 3846 426 3898 ις).
457 3828 500 3892 D.
525 3829 560 3883 de
585 3829 661 3882 Ritu
684 3830 798 3899 Nupt.5
832 3827 869 3883 L.
894 3825 948 3891 ult.
976 3827 1009 3887 C.
1029 3829 1065 3888 de
1086 3829 1165 3896 Dat.

127 3990 129 3999 Α
190 3945 286 4010 prum.

202 4018 414 4096 ;·(7)'Ir.³3n.
439 4023 472 4076 G.
498 4022 532 4075 de
556 4025 630 4077 June
653 4024 726 4077 Dat.

239 4120 287 4196 (ὃ)
308 4120 343 4178 Ia·
366 4138 414 4184 22,
436 4124 462 4197 a.
483 4123 512 4186 8.
533 4122 574 4178 D.
603 4122 664 4184 Sol.
689 4123 801 4196 Metu,
820 4141 910 4195 quem.
936 4124 986 4180 doe
1004 4131 1068 4193 pet·
1153 4139 1162 4157 ²
