2596 4838
220 424 271 493 Ὠ
329 478 332 491 .
386 423 729 501 alestanno
763 419 1007 491 JURI'Dl'Cl

306 1064 309 1068 .
366 1034 392 1039 ··
442 995 648 1063 secrlo
691 994 981 1077 SECUNDA„

273 1223 426 1280 QUOMODO
448 1225 488 1268 ET
509 1223 564 1267 ΠΜ
585 1222 745 1275 Bonorum
763 1221 939 1268 serratam
961 1220 1116 1269 Paretur.

606 1655 674 1784 a
719 1698 749 1761 ι.

218 1853 426 2007 ¹Vidimus,
451 1928 588 2017 quando
615 1929 715 2017 igitur
734 1928 777 1995 ab
796 1948 899 1994 uxore
920 1926 1088 2018 Separatio
1108 1926 1176 1996 llo-1

214 2035 344 2124 nerum⁴
360 2061 433 2142 peti
456 2060 576 2143 posfit;
611 2057 774 2143 sequitur,
806 2066 844 2121 ut
868 2057 1062 2141 explicemus
1086 2048 1173 2134 aba&

216 2193 249 2249 et
273 2205 344 2270 qua
370 2189 505 2249 ratione
528 2183 615 2271 'illud
636 2183 709 2250 fiat.
750 2182 850 2266 Quod
874 2193 982 2248 autem
1006 2184 1050 2250 ad
1071 2171 1176 2253 ratiis-⁶

214 2331 289 2378 nem
318 2308 477 2397 pertinet,
513 2308 549 2373 in
576 2307 640 2372 hae
661 2307 799 2383 multum
826 2305 891 2371 esse
910 2305 1170 2391 observandum,

214 2439 310 2506 lacile
341 2437 522 2525 apparebit.

255 2566 405 2655 conjux,
438 2587 524 2652 quae
584 2564 750 2629 Bonorum
792 2560 1034 2648 separationem
1061 2572 1174 2651 petere

211 2697 298 2773 vult,
310 2699 449 2781 primum
460 2714 500 2759 eo
513 2691 706 2759 auctoritate
722 2689 866 2779 indigere
882 2688 1040 2757 Praelidis
1054 2690 1090 2757 in
1102 2693 1175 2760 Tri·

211 2823 326 2890 bunali
347 2820 470 2908 primae
496 2819 696 2894 laetantia),
725 2815 797 2903 jam
833 2816 958 2883 dictum
986 2828 1055 2888 est:
1088 2820 1174 2888 leili·

214 2962 268 3021 eet
307 2950 438 3020 Praefes
471 2952 526 3017 ille
559 2949 603 3015 ad
639 2949 740 3015 finem
780 2946 899 3024 libelli,
930 2947 989 3034 qui
1019 2949 1050 3015 ei
1082 2949 1170 3017 hanc

217 3078 261 3145 ob
290 3101 357 3146 rem
387 3090 435 3146 est
472 3079 627 3155 traditus,
660 3077 885 3144 auetoritatem
903 3075 975 3142 dari
993 3073 1174 3164 fignificat:

214 3211 322 3288 potest
348 3211 456 3266 tamen
489 3202 596 3266 dietus
627 3200 778 3277 Praeles,
817 3201 844 3264 si
883 3221 965 3286 opus
1005 3202 1170 3283 videatur,

213 3329 304 3417 prius
337 3335 458 3393 cuneta
490 3346 528 3390 ea
559 3323 749 3401 observare,
781 3347 866 3413 quae
884 3349 934 3394 res
957 3330 1082 3419 exigere
1099 3352 1172 3399 ere-

213 3454 301 3520 ditur
327 3452 411 3540 (ll).
454 3451 689 3518 Auctoritatem
723 3453 881 3520 Praesidis
914 3467 1031 3537 nacta,
1065 3457 1174 3525 ludici

210 3582 282 3669 jam
320 3581 414 3649 offert
448 3600 530 3645 uxor
556 3580 654 3645 alium
682 3577 847 3659 libellum,
870 3583 905 3647 in
933 3605 1002 3671 quo
1031 3584 1174 3669 explieat

215 3710 417 3787 rationee‚e
449 3707 566 3795 quibus
599 3709 760 3791 separatio
783 3710 913 3793 petitur.
956 3712 997 3777 In
1017 3708 1093 3776 casu
1112 3732 1173 3776 au·

216 3847 298 3916 tem,
333 3837 356 3903 li
399 3834 520 3922 conjux
555 3833 662 3901 adhuc
695 3836 802 3901 minor
843 3830 910 3914 es't,
942 3860 962 3904 a
995 3837 1110 3905 iudice
1143 3840 1173 3904 ei

1095 3967 1173 4034 addi

250 4097 317 4172 (ιι)
337 4096 420 4157 Conl.
437 4095 499 4157 Art.
517 4098 584 4156 865.
601 4098 675 4156 con.
693 4098 726 4155 cle
742 4097 957 4157 Matala-ocal
975 4101 1006 4155 in
1019 4099 1106 4173 Ceus.
1117 4098 1175 4157 Cia.
