2596 4838
161 416 212 484 2⁰,
264 440 267 446 ·
309 405 688 477 lusson-tutto
722 405 985 476 tutttutca

165 616 224 686 nifi
260 613 482 682 consentiente
522 631 645 691 uxore,
679 613 854 681 alienanda
889 609 987 677 funt:
1020 618 1129 699 quare.

164 746 263 814 etiam
292 742 348 808 ille
371 751 517 820 tenetur,
547 741 572 807 fi
603 742 687 809 haee
717 740 823 834 oulpl¹
849 741 919 830 ejus
948 740 1128 826 perierint,

164 881 223 940 aut
259 866 352 936 aliud
387 865 559 955 quoddam
604 868 762 934 damnum
802 876 994 954 paterentur
1042 865 1130 954 (18).

167 997 314 1084 Quodsi
334 1019 385 1064 ree
412 997 587 1065 immobilis
609 999 704 1066 uxori
728 999 861 1085 propria
883 996 1041 1062 emerito
1062 993 1133 1060 fine

151 1125 241 1212 'ejus
262 1119 421 1188 consensu
450 1123 583 1189 vendita
610 1135 675 1202 eet,
711 1146 781 1191 non
810 1122 927 1190 suffieit
953 1123 1132 1190 declaratio

165 1253 292 1331 meriti,
323 1250 472 1337 epretio'
493 1252 741 1337 eeeeplo'ltane
770 1253 823 1320 vel
858 1253 947 1318 illam
972 1273 1049 1317 rem·
1069 1252 1134 1316 itu-⁸

164 1379 338 1447 mobilem:
351 1374 417 1444 esle
438 1375 651 1464 aequifitam3
674 1376 732 1443 nili
753 1399 837 1443 uxor
854 1399 922 1442 rem
951 1380 1040 1446 hano
1062 1380 1136 1445 fure

168 1507 279 1597 rogari
299 1507 477 1593 permittat.
532 1504 652 1585 Aliter,
689 1503 848 1572 d'nfolutd
883 1509 1130 1587 communione,

167 1659 253 1717 uxor
270 1658 341 1704 non
368 1635 509 1723 cogitur-1
526 1654 611 1700 rem-2
629 1634 729 1702 hene,
748 1635 920 1721 accipere,
944 1631 1001 1700 fed
1027 1634 1135 1724 ipsrmr

168 1764 311 1852 pretium
330 1761 377 1828 rei
397 1760 551 1828 venditae
574 1761 701 1850 exigere
719 1771 828 1848 potest
852 1759 937 1850 (19).

216 1891 367 1960 Ceterum
386 1890 432 1957 ad
453 1880 510 1970 ea,
534 1911 622 1979 quae
639 1893 774 1959 maritus
792 1893 900 1957 faeere
916 1889 952 1953 in
971 1887 1067 1956 bonis
1084 1892 1136 1959 his

170 2020 390 2088 immobilibus
418 2017 632 2106 prohibetur,
669 2040 740 2084 non
762 2018 931 2084 referenda
952 2027 1000 2082 est
1023 2039 1135 2084 eorum

144 2165 145 2168 ’
168 2149 318 2216 locatiot
339 2145 487 2233 quemvis
499 2144 651 2232 quidem·
671 2166 711 2211 ea
732 2166 803 2210 non
823 2145 1012 2231 inslongius
1035 2171 1136 2236 quam

145 2296 146 2303 ¹
170 2296 290 2345 novem
318 2282 483 2339 annorum
504 2269 643 2358 spatium
664 2273 877 2339 conceditur:
901 2275 925 2338 ii
953 2280 1040 2341 enim
1062 2301 1137 2346 mae

168 2408 251 2474 ritus
279 2402 362 2471 haec
380 2400 468 2467 ultra
497 2398 623 2464 dictum
648 2409 773 2484 tempus
793 2399 970 2488 locaverit,
989 2414 1023 2468 et
1042 2426 1136 2472 eom·

164 2534 279 2601 munio
315 2531 470 2616 deinceps
509 2525 680 2606 solvatur,
707 2525 894 2594 conductor
936 2529 1017 2594 nihil
1048 2531 1135 2619 juris

136 2681 140 2688 ’
167 2663 269 2730 babet
293 2663 378 2729 ultra
401 2682 533 2740 aanor,
563 2662 622 2751 qui
656 2683 774 2728 novem
811 2682 974 2728 annorum
1002 2659 1134 2748 spatio,

172 2789 272 2880 quod
297 2789 581 2880 ingrediebantur,
604 2788 721 2856 adhue¹
735 2787 874 2856 deiuntt
896 2813 974 2858 nam
1004 2790 1041 2854 in
1060 2791 1138 2854 fun»

134 2919 137 2972 1
168 2919 224 2986 die
245 2919 351 2988 omnia
383 2920 527 2999 laertio,
550 2938 638 3007 quoe
658 2917 906 2998 tribue-annia,
938 2929 995 2985 aut
1027 2918 1051 2984 fi
1080 2939 1137 2985 ae·

172 3057 237 3122 dee
262 3054 498 3134 lium-'duobus
527 3053 647 3131 anne,
670 3060 749 3119 ante
784 3050 912 3116 finitam
934 3047 1136 3135 praesentem

167 3181 391 3257 locationem,
423 3176 665 3254 renovabatur,
693 3175 832 3265 prorsus·
853 3177 941 3240 irrita
974 3184 1044 3240 ert:
1073 3173 1140 3242 nisr,

130 3328 134 3338 ’
170 3325 258 3373 nova
282 3305 420 3371 locatio·
434 3303 511 3392 jam
545 3301 720 3370 exordium
735 3294 913 3382 babuerit,
944 3303 1136 3391 priusquam

171 3433 361 3503 communio
392 3430 582 3500 solveretur·
598 3427 684 3519 (20).

177 3610 180 3619 .
213 3559 360 3650 Apparet
387 3555 479 3638 fatie,
503 3556 596 3647 quod
629 3567 734 3644 puto,
765 3560 955 3646 regulariter
979 3560 1137 3648 igiturin

169 3682 268 3761 bonis
297 3681 528 3755 oonununibue
555 3704 673 3772 parum
697 3681 793 3772 juris.
810 3706 961 3767 exercere
984 3706 1137 3768 uxorem3

1076 3813 1137 3882 nili

207 3881 282 3978 (ill)
307 3903 380 3964 Art.¹
405 3903 486 3960 1428.

206 3997 279 4075 (19)
307 4001 378 4057 Art.
408 4004 490 4056 1435.

209 4095 281 4176 (ro)
309 4098 381 4162 Art,
408 4102 478 4167 1429
502 4104 532 4154 et
556 4099 636 4155 1430.
