2596 4838
274 406 910 491 'auaoooaaita
1039 411 1082 492 u

62 658 66 669 ¹
136 626 172 693 in
215 647 281 714 quo
327 627 492 694 ambarum
541 630 681 715 partium
731 628 902 696 consensus
946 627 1083 716 requiri·

94 750 98 755 ’
134 763 186 820 tur
207 752 291 842 (70).

139 898 142 909 ’
168 883 359 950 Tenendum
380 892 487 949 autem
506 904 606 969 porro
628 892 694 960 eat,
714 883 987 970 quemadmodum
1006 882 1082 950 uni·

127 1009 215 1080 rerie
241 1010 397 1099 conjuges
432 1009 512 1075 nihil
539 1019 664 1076 mutare
688 1009 823 1097 possunt
846 1013 882 1076 in
904 1010 1082 1077 contracti·

124 1137 188 1204 bus
218 1137 435 1225 nuptialibus,
466 1147 641 1226 postquam
672 1138 807 1224 nuptiae
830 1136 925 1204 semel
948 1146 1081 1205 eontra·

127 1265 283 1332 herentur
305 1265 395 1355 (71);
424 1265 468 1333 fio
489 1268 604 1345 etiam,
636 1265 692 1331 ubi
714 1266 901 1333 eommunio
924 1264 1011 1330 haee
1031 1285 1085 1331 ra·

128 1392 286 1471 stituitur,
308 1416 381 1460 eam
403 1393 483 1460 nihil
508 1393 635 1461 differre
656 1393 749 1482 posse
773 1416 793 1460 a
817 1391 1080 1472 conditionibus,

127 1512 244 1608 quibus
276 1532 372 1614 antea
413 1521 565 1590 inibatur.
622 1521 747 1606 Quodii
784 1523 847 1588 alia
884 1520 950 1586 ulla
989 1520 1084 1586 {ieret

127 1650 319 1728 conventio,
352 1660 400 1715 est
423 1649 504 1731 haee
528 1651 648 1715 nullius
682 1651 839 1714 momenti
864 1649 949 1736 (72).
992 1647 1079 1712 Cen·

128 1774 220 1840 setur'
247 1778 333 1841 enim
364 1778 551 1843 communio
579 1777 737 1841 ¹restitute
762 1772 904 1843 'valuisse
949 1795 970 1839 a
1002 1782 1084 1839 tem·

125 1923 207 1988 pore
251 1905 414 1970 contracti
454 1904 672 1982 matrimonii,
719 1900 784 1969 acii
818 1923 989 1990 nunquam
1020 1901 1085 1967 bo·

128 2051 246 2096 norum
285 2029 443 2122 separatio
471 2032 581 2098 locum
624 2031 796 2099 habuisset.
846 2031 953 2114 Quare
991 2051 1110 2098 nuno.

127 2158 261 2223 veniunt
295 2159 332 2224 in
364 2161 624 2225 communionem
660 2160 838 2225 restitutam
876 2159 985 2225 omnia
1017 2157 1082 2226 bo·

125 2305 169 2350 na
193 2287 370 2372 omniaque
394 2285 522 2363 debita,
557 2309 642 2373 quae
664 2284 892 2374 pertinuissent
913 2288 959 2354 ad
984 2307 1077 2355 aom-

126 2413 331 2490 munionem,
366 2411 389 2478 fi
420 2434 591 2501 nunquam
626 2412 780 2479 dissoluta
815 2411 914 2477 esset:
949 2414 996 2478 ita
1026 2420 1078 2479 ta·
1146 2427 1165 2451 ·'

125 2512 222 2618 ineu,
262 2549 299 2605 ut
330 2536 494 2628 'quidquid
527 2540 650 2629 conjux
679 2542 825 2622 interim,
859 2541 998 2607 durante
1029 2538 1080 2608 se·

122 2666 315 2752 paratione,
359 2668 477 2753 egerit,
517 2669 643 2750 valeat;
686 2668 775 2756 quaii
809 2690 847 2735 ex
885 2662 1086 2738 auctoritate

122 2786 246 2855 iecisset
276 2792 401 2857 mariti:
437 2793 616 2861 dummodo
650 2796 779 2874 formo,
822 2799 857 2865 in
891 2795 968 2864 Art.
996 2797 1081 2866 1440

121 2915 339 3005 praescripta,
370 2919 603 2990 observaretur.

163 3044 299 3112 Videtur
332 3057 440 3114 tamen
472 3050 620 3138 aequitas
643 3049 825 3140 postulare,
854 3059 909 3127 ut,
941 3050 1077 3138 quando

120 3181 197 3270 ectu
221 3174 395 3246 restituitur
418 3178 624 3256 communio,
658 3189 718 3245 aut
738 3179 827 3265 prius
848 3181 964 3258 etiam,
995 3202 1077 3249 uxor

118 3301 236 3366 marito
259 3302 382 3370 indicet
404 3326 467 3381 ea,
505 3326 591 3392 quae
618 3307 835 3384 contraxerit,
867 3305 1006 3374 durante
1030 3307 1084 3373 fe·

116 3425 307 3511 paratione3
343 3426 367 3491 u
400 3429 438 3492 iio
472 3439 578 3495 certus
615 3432 691 3496 dies·
710 3453 779 3499 non
815 3429 903 3497 infit·
950 3432 1071 3516 Quodfi

116 3573 201 3618 uror
223 3555 371 3633 omittat,
395 3554 530 3644 suspicio
556 3558 648 3624 adest
669 3559 808 3638 fraudis,
838 3568 872 3625 et
896 3559 986 3632 dies,
1018 3558 1080 3645 qui

115 3680 374 3768 exprimebatur,
407 3679 658 3770 habetur'ju‘ato'
676 3685 766 3770 prior
792 3684 923 3752 additui
945 3683 1022 3752 ease.

688 3788 692 3825 t

151 3898 216 3966 (70)
247 3897 329 3955 conr.
356 3896 559 3968 S1anu,l,1‚
582 3901 629 3970 v,
658 3919 691 3969 2,
714 3903 781 3970 673·
970 3812 1000 3900 S
1024 3815 1076 3884 13·

146 3996 219 4061 (7¹)
245 3997 314 4054 ΑΗ,
342 4002 411 4068 {395
437 3996 516 4067 ConQ
539 3998 600 4056 Cim

146 4086 214 4162 (72)
242 4088 312 4149 Art.
344 4093 426 4149 1451.
