<?xml version="1.0" encoding="UTF-8"?>
<!DOCTYPE html PUBLIC "-//W3C//DTD XHTML 1.0 Transitional//EN"
    "http://www.w3.org/TR/xhtml1/DTD/xhtml1-transitional.dtd">
<html xmlns="http://www.w3.org/1999/xhtml" xml:lang="en" lang="en">
 <head>
  <title>
</title>
<meta http-equiv="Content-Type" content="text/html;charset=utf-8" />
  <meta name='ocr-system' content='tesseract 3.04.00' />
  <meta name='ocr-capabilities' content='ocr_page ocr_carea ocr_par ocr_line ocrx_word'/>
</head>
<body>
  <div class='ocr_page' id='page_1' title='image "./dissertatiojuri00greygoog_0028.png"; bbox 0 0 2596 4838; ppageno 0'>
   <div class='ocr_carea' id='block_1_1' title="bbox 310 348 1125 470">
    <p class='ocr_par' dir='ltr' id='par_1_1' title="bbox 310 348 1125 470">
     <span class='ocr_line' id='line_1_1' title="bbox 310 348 1125 470; baseline 0.002 -2"><span class='ocrx_word' id='word_1_1' title='bbox 310 348 950 470; x_wconf 66' lang='lat' dir='ltr'>ruauauuanra</span> <span class='ocrx_word' id='word_1_2' title='bbox 1086 406 1125 470; x_wconf 81' lang='lat' dir='ltr'>ru</span> 
     </span>
    </p>
   </div>
   <div class='ocr_carea' id='block_1_2' title="bbox 121 607 1133 2211">
    <p class='ocr_par' dir='ltr' id='par_1_2' title="bbox 122 590 1121 825">
     <span class='ocr_line' id='line_1_2' title="bbox 174 607 1120 696; baseline -0.002 -20.104"><span class='ocrx_word' id='word_1_3' title='bbox 174 620 266 688; x_wconf 81' lang='lat' dir='ltr'>runt,</span> <span class='ocrx_word' id='word_1_4' title='bbox 289 609 353 675; x_wconf 92' lang='lat' dir='ltr'>huc</span> <span class='ocrx_word' id='word_1_5' title='bbox 379 631 448 680; x_wconf 89' lang='lat' dir='ltr'>non</span> <span class='ocrx_word' id='word_1_6' title='bbox 482 619 529 676; x_wconf 85' lang='lat' dir='ltr'>est</span> <span class='ocrx_word' id='word_1_7' title='bbox 561 609 765 676; x_wconf 79' lang='lat' dir='ltr'>referendum</span> <span class='ocrx_word' id='word_1_8' title='bbox 793 608 856 696; x_wconf 83' lang='lat'><strong>(9).</strong></span> <span class='ocrx_word' id='word_1_9' title='bbox 898 610 965 675; x_wconf 84' lang='lat' dir='ltr'>Nec</span> <span class='ocrx_word' id='word_1_10' title='bbox 990 607 1120 687; x_wconf 83' lang='lat' dir='ltr'>differt,</span> 
     </span>
     <span class='ocr_line' id='line_1_3' title="bbox 170 735 1121 825; baseline -0.002 -22"><span class='ocrx_word' id='word_1_11' title='bbox 170 749 274 804; x_wconf 89' lang='lat' dir='ltr'>utrum</span> <span class='ocrx_word' id='word_1_12' title='bbox 309 755 361 803; x_wconf 87' lang='lat' dir='ltr'>res</span> <span class='ocrx_word' id='word_1_13' title='bbox 389 737 552 825; x_wconf 87' lang='lat' dir='ltr'>quaedam</span> <span class='ocrx_word' id='word_1_14' title='bbox 586 739 717 824; x_wconf 88' lang='lat' dir='ltr'>utrique</span> <span class='ocrx_word' id='word_1_15' title='bbox 752 737 887 825; x_wconf 80' lang='lat' dir='ltr'>conjugi</span> <span class='ocrx_word' id='word_1_16' title='bbox 913 735 950 801; x_wconf 85' lang='lat' dir='ltr'>lit</span> <span class='ocrx_word' id='word_1_17' title='bbox 972 735 1121 818; x_wconf 78' lang='lat' dir='ltr'>donata3</span> 
     </span>
    </p>

    <p class='ocr_par' dir='ltr' id='par_1_3' title="bbox 121 840 1125 1592">
     <span class='ocr_line' id='line_1_4' title="bbox 121 840 1123 961; baseline -0.002 -30"><span class='ocrx_word' id='word_1_18' title='bbox 121 840 136 948; x_wconf 32' lang='grc'>,-</span> <span class='ocrx_word' id='word_1_19' title='bbox 167 887 244 936; x_wconf 86' lang='lat' dir='ltr'>nam</span> <span class='ocrx_word' id='word_1_20' title='bbox 258 867 373 961; x_wconf 89' lang='lat' dir='ltr'>hocin</span> <span class='ocrx_word' id='word_1_21' title='bbox 392 863 469 933; x_wconf 82' lang='lat' dir='ltr'>calu</span> <span class='ocrx_word' id='word_1_22' title='bbox 480 884 530 930; x_wconf 83' lang='lat' dir='ltr'>res</span> <span class='ocrx_word' id='word_1_23' title='bbox 549 866 606 930; x_wconf 91' lang='lat' dir='ltr'>illa</span> <span class='ocrx_word' id='word_1_24' title='bbox 625 864 802 950; x_wconf 86' lang='lat' dir='ltr'>unicuique</span> <span class='ocrx_word' id='word_1_25' title='bbox 816 865 959 928; x_wconf 88' lang='lat' dir='ltr'>donatur</span> <span class='ocrx_word' id='word_1_26' title='bbox 975 885 1036 949; x_wconf 88' lang='lat' dir='ltr'>pro</span> <span class='ocrx_word' id='word_1_27' title='bbox 1045 885 1123 950; x_wconf 83' lang='lat' dir='ltr'>par·</span> 
     </span>
     <span class='ocr_line' id='line_1_5' title="bbox 166 971 1125 1089; baseline -0.001 -31"><span class='ocrx_word' id='word_1_28' title='bbox 166 1004 199 1060; x_wconf 90' lang='lat' dir='ltr'>te</span> <span class='ocrx_word' id='word_1_29' title='bbox 232 971 388 1089; x_wconf 60' lang='lat' dir='ltr'>dimidiu}</span> <span class='ocrx_word' id='word_1_30' title='bbox 420 1014 524 1080; x_wconf 89' lang='lat' dir='ltr'>quare</span> <span class='ocrx_word' id='word_1_31' title='bbox 562 1002 595 1058; x_wconf 89' lang='lat' dir='ltr'>et</span> <span class='ocrx_word' id='word_1_32' title='bbox 628 992 766 1078; x_wconf 80' lang='lat' dir='ltr'>quisquc</span> <span class='ocrx_word' id='word_1_33' title='bbox 804 990 970 1056; x_wconf 85' lang='lat' dir='ltr'><strong>dimidiam</strong></span> <span class='ocrx_word' id='word_1_34' title='bbox 1000 1001 1125 1078; x_wconf 87' lang='lat' dir='ltr'>partem</span> 
     </span>
     <span class='ocr_line' id='line_1_6' title="bbox 167 1118 1123 1206; baseline 0 -20"><span class='ocrx_word' id='word_1_35' title='bbox 167 1120 266 1187; x_wconf 90' lang='lat' dir='ltr'>debet</span> <span class='ocrx_word' id='word_1_36' title='bbox 297 1120 447 1186; x_wconf 75' lang='lat' dir='ltr'>conferre</span> <span class='ocrx_word' id='word_1_37' title='bbox 487 1119 571 1206; x_wconf 80' lang='lat' dir='ltr'>ejus,</span> <span class='ocrx_word' id='word_1_38' title='bbox 603 1118 695 1206; x_wconf 91' lang='lat' dir='ltr'>quod</span> <span class='ocrx_word' id='word_1_39' title='bbox 730 1142 749 1185; x_wconf 86' lang='lat' dir='ltr'>a</span> <span class='ocrx_word' id='word_1_40' title='bbox 787 1120 903 1186; x_wconf 86' lang='lat' dir='ltr'>marito</span> <span class='ocrx_word' id='word_1_41' title='bbox 938 1119 1016 1186; x_wconf 85' lang='lat' dir='ltr'>data</span> <span class='ocrx_word' id='word_1_42' title='bbox 1053 1130 1123 1186; x_wconf 79' lang='lat' dir='ltr'>eat:</span> 
     </span>
     <span class='ocr_line' id='line_1_7' title="bbox 168 1247 1125 1336; baseline 0 -20"><span class='ocrx_word' id='word_1_43' title='bbox 168 1247 230 1316; x_wconf 78' lang='lat' dir='ltr'>uisa</span> <span class='ocrx_word' id='word_1_44' title='bbox 254 1249 389 1314; x_wconf 86' lang='lat' dir='ltr'>maritus</span> <span class='ocrx_word' id='word_1_45' title='bbox 415 1247 558 1334; x_wconf 83' lang='lat' dir='ltr'>expresse</span> <span class='ocrx_word' id='word_1_46' title='bbox 587 1248 797 1316; x_wconf 79' lang='lat' dir='ltr'><strong>declaraverit</strong></span> <span class='ocrx_word' id='word_1_47' title='bbox 824 1249 928 1327; x_wconf 81' lang='lat' dir='ltr'>velle,</span> <span class='ocrx_word' id='word_1_48' title='bbox 951 1259 1009 1325; x_wconf 88' lang='lat' dir='ltr'>ut,</span> <span class='ocrx_word' id='word_1_49' title='bbox 1031 1247 1125 1336; x_wconf 84' lang='lat' dir='ltr'>quod</span> 
     </span>
     <span class='ocr_line' id='line_1_8' title="bbox 173 1374 1125 1464; baseline 0 -22"><span class='ocrx_word' id='word_1_50' title='bbox 173 1375 283 1442; x_wconf 80' lang='lat' dir='ltr'>liberis</span> <span class='ocrx_word' id='word_1_51' title='bbox 314 1376 426 1455; x_wconf 80' lang='lat' dir='ltr'><strong>dedit,</strong></span> <span class='ocrx_word' id='word_1_52' title='bbox 459 1375 516 1441; x_wconf 87' lang='lat' dir='ltr'>libi</span> <span class='ocrx_word' id='word_1_53' title='bbox 553 1374 612 1443; x_wconf 83' lang='lat' dir='ltr'>soli</span> <span class='ocrx_word' id='word_1_54' title='bbox 638 1375 676 1441; x_wconf 84' lang='lat' dir='ltr'>lit</span> <span class='ocrx_word' id='word_1_55' title='bbox 704 1377 818 1454; x_wconf 80' lang='lat' dir='ltr'>oneri.</span> <span class='ocrx_word' id='word_1_56' title='bbox 851 1387 908 1442; x_wconf 91' lang='lat' dir='ltr'>aut</span> <span class='ocrx_word' id='word_1_57' title='bbox 931 1397 994 1464; x_wconf 88' lang='lat' dir='ltr'>pro</span> <span class='ocrx_word' id='word_1_58' title='bbox 1015 1386 1125 1463; x_wconf 84' lang='lat' dir='ltr'>parte.</span> 
     </span>
     <span class='ocr_line' id='line_1_9' title="bbox 169 1503 845 1592; baseline 0.003 -23"><span class='ocrx_word' id='word_1_59' title='bbox 169 1525 256 1591; x_wconf 87' lang='lat' dir='ltr'>quae</span> <span class='ocrx_word' id='word_1_60' title='bbox 284 1515 331 1571; x_wconf 80' lang='lat' dir='ltr'>est</span> <span class='ocrx_word' id='word_1_61' title='bbox 358 1504 464 1592; x_wconf 84' lang='lat' dir='ltr'>major</span> <span class='ocrx_word' id='word_1_62' title='bbox 482 1514 577 1590; x_wconf 88' lang='lat' dir='ltr'>parte</span> <span class='ocrx_word' id='word_1_63' title='bbox 604 1503 737 1569; x_wconf 73' lang='lat' dir='ltr'>dimidia</span> <span class='ocrx_word' id='word_1_64' title='bbox 760 1503 845 1590; x_wconf 81' lang='lat'>(10).</span> 
     </span>
    </p>

    <p class='ocr_par' dir='ltr' id='par_1_4' title="bbox 167 1612 1133 2102">
     <span class='ocr_line' id='line_1_10' title="bbox 209 1612 1128 1719; baseline -0.002 -21"><span class='ocrx_word' id='word_1_65' title='bbox 209 1633 255 1698; x_wconf 86' lang='lat' dir='ltr'>Ex</span> <span class='ocrx_word' id='word_1_66' title='bbox 286 1633 343 1710; x_wconf 83' lang='lat' dir='ltr'>iis,</span> <span class='ocrx_word' id='word_1_67' title='bbox 380 1612 467 1719; x_wconf 88' lang='lat' dir='ltr'>quae</span> <span class='ocrx_word' id='word_1_68' title='bbox 499 1631 588 1697; x_wconf 85' lang='lat' dir='ltr'>dicta</span> <span class='ocrx_word' id='word_1_69' title='bbox 617 1630 712 1708; x_wconf 85' lang='lat' dir='ltr'>funt,</span> <span class='ocrx_word' id='word_1_70' title='bbox 749 1630 825 1696; x_wconf 83' lang='lat' dir='ltr'>latis</span> <span class='ocrx_word' id='word_1_71' title='bbox 849 1631 948 1718; x_wconf 79' lang='lat' dir='ltr'>igitur</span> <span class='ocrx_word' id='word_1_72' title='bbox 972 1641 1128 1717; x_wconf 81' lang='lat' dir='ltr'>apparet,</span> 
     </span>
     <span class='ocr_line' id='line_1_11' title="bbox 170 1756 1131 1826; baseline -0.001 -1"><span class='ocrx_word' id='word_1_73' title='bbox 170 1759 393 1826; x_wconf 86' lang='lat' dir='ltr'>communioni</span> <span class='ocrx_word' id='word_1_74' title='bbox 426 1779 495 1824; x_wconf 90' lang='lat' dir='ltr'>non</span> <span class='ocrx_word' id='word_1_75' title='bbox 517 1758 770 1823; x_wconf 84' lang='lat' dir='ltr'>adnumeranda</span> <span class='ocrx_word' id='word_1_76' title='bbox 798 1756 863 1823; x_wconf 85' lang='lat' dir='ltr'>esse</span> <span class='ocrx_word' id='word_1_77' title='bbox 898 1757 990 1823; x_wconf 86' lang='lat' dir='ltr'>bona</span> <span class='ocrx_word' id='word_1_78' title='bbox 1016 1761 1131 1824; x_wconf 91' lang='lat' dir='ltr'>immo·</span> 
     </span>
     <span class='ocr_line' id='line_1_12' title="bbox 167 1885 1133 1984; baseline -0.002 -31"><span class='ocrx_word' id='word_1_79' title='bbox 167 1887 268 1984; x_wconf 70' lang='lat' dir='ltr'>lilia,</span> <span class='ocrx_word' id='word_1_80' title='bbox 303 1906 389 1972; x_wconf 87' lang='lat' dir='ltr'>quac</span> <span class='ocrx_word' id='word_1_81' title='bbox 415 1885 596 1971; x_wconf 84' lang='lat' dir='ltr'>conjugum</span> <span class='ocrx_word' id='word_1_82' title='bbox 628 1895 723 1950; x_wconf 89' lang='lat' dir='ltr'>erant</span> <span class='ocrx_word' id='word_1_83' title='bbox 748 1895 912 1972; x_wconf 89' lang='lat' dir='ltr'>tempore,</span> <span class='ocrx_word' id='word_1_84' title='bbox 947 1908 1015 1975; x_wconf 90' lang='lat' dir='ltr'>quo</span> <span class='ocrx_word' id='word_1_85' title='bbox 1048 1907 1133 1973; x_wconf 86' lang='lat' dir='ltr'>nup·</span> 
     </span>
     <span class='ocr_line' id='line_1_13' title="bbox 176 2008 1133 2102; baseline 0.001 -22"><span class='ocrx_word' id='word_1_86' title='bbox 176 2016 239 2080; x_wconf 88' lang='lat' dir='ltr'>tias</span> <span class='ocrx_word' id='word_1_87' title='bbox 269 2011 420 2091; x_wconf 76' lang='lat' dir='ltr'>inibant,</span> <span class='ocrx_word' id='word_1_88' title='bbox 444 2023 517 2091; x_wconf 89' lang='lat' dir='ltr'>aut,</span> <span class='ocrx_word' id='word_1_89' title='bbox 540 2008 643 2080; x_wconf 84' lang='lat' dir='ltr'>stante</span> <span class='ocrx_word' id='word_1_90' title='bbox 662 2013 889 2095; x_wconf 85' lang='lat' dir='ltr'>matrimonio,</span> <span class='ocrx_word' id='word_1_91' title='bbox 917 2013 1133 2102; x_wconf 85' lang='lat' dir='ltr'>acquireban-</span> 
     </span>
    </p>

    <p class='ocr_par' dir='ltr' id='par_1_5' title="bbox 1043 2153 1132 2211">
     <span class='ocr_line' id='line_1_14' title="bbox 1043 2153 1132 2211; baseline 0 -1"><span class='ocrx_word' id='word_1_92' title='bbox 1043 2168 1046 2173; x_wconf 93' lang='lat'>·</span> <span class='ocrx_word' id='word_1_93' title='bbox 1078 2153 1132 2211; x_wconf 89' lang='lat' dir='ltr'>tur</span> 
     </span>
    </p>
   </div>
   <div class='ocr_carea' id='block_1_3' title="bbox 203 2269 1134 2352">
    <p class='ocr_par' dir='ltr' id='par_1_6' title="bbox 203 2269 1134 2352">
     <span class='ocr_line' id='line_1_15' title="bbox 203 2269 1134 2352; baseline 0.002 -23"><span class='ocrx_word' id='word_1_94' title='bbox 203 2271 251 2345; x_wconf 83' lang='lat'>(9)</span> <span class='ocrx_word' id='word_1_95' title='bbox 280 2271 353 2328; x_wconf 88' lang='lat' dir='ltr'>Sunt</span> <span class='ocrx_word' id='word_1_96' title='bbox 375 2281 403 2328; x_wconf 89' lang='lat' dir='ltr'>et</span> <span class='ocrx_word' id='word_1_97' title='bbox 425 2269 497 2328; x_wconf 88' lang='lat' dir='ltr'>aliae</span> <span class='ocrx_word' id='word_1_98' title='bbox 528 2275 728 2351; x_wconf 80' lang='lat' dir='ltr'>exceptiones,</span> <span class='ocrx_word' id='word_1_99' title='bbox 758 2292 829 2352; x_wconf 87' lang='lat' dir='ltr'>quas</span> <span class='ocrx_word' id='word_1_100' title='bbox 858 2272 1002 2332; x_wconf 91' lang='lat' dir='ltr'>hocloco</span> <span class='ocrx_word' id='word_1_101' title='bbox 1026 2273 1134 2331; x_wconf 80' lang='lat' dir='ltr'>referre</span> 
     </span>
    </p>
   </div>
   <div class='ocr_carea' id='block_1_4' title="bbox 163 2364 1137 2535">
    <p class='ocr_par' dir='ltr' id='par_1_7' title="bbox 163 2364 1137 2535">
     <span class='ocr_line' id='line_1_16' title="bbox 163 2364 1137 2448; baseline 0.002 -26"><span class='ocrx_word' id='word_1_102' title='bbox 163 2364 280 2442; x_wconf 83' lang='lat' dir='ltr'>longum</span> <span class='ocrx_word' id='word_1_103' title='bbox 310 2378 371 2435; x_wconf 76' lang='lat' dir='ltr'>est3</span> <span class='ocrx_word' id='word_1_104' title='bbox 410 2367 446 2424; x_wconf 91' lang='lat' dir='ltr'>de</span> <span class='ocrx_word' id='word_1_105' title='bbox 478 2367 582 2445; x_wconf 82' lang='lat' dir='ltr'>quibua</span> <span class='ocrx_word' id='word_1_106' title='bbox 613 2381 712 2436; x_wconf 83' lang='lat' dir='ltr'>tamen</span> <span class='ocrx_word' id='word_1_107' title='bbox 733 2371 854 2446; x_wconf 36' lang='lat' dir='ltr'>‚consuli</span> <span class='ocrx_word' id='word_1_108' title='bbox 876 2381 974 2448; x_wconf 73' lang='lat' dir='ltr'>potest</span> <span class='ocrx_word' id='word_1_109' title='bbox 997 2382 1137 2427; x_wconf 73' lang='lat' dir='ltr'>nanum-</span> 
     </span>
     <span class='ocr_line' id='line_1_17' title="bbox 166 2463 963 2535; baseline 0.009 -18"><span class='ocrx_word' id='word_1_110' title='bbox 166 2479 328 2535; x_wconf 81' lang='lat' dir='ltr'>conamus,</span> <span class='ocrx_word' id='word_1_111' title='bbox 354 2463 417 2534; x_wconf 83' lang='lat' dir='ltr'>VI,</span> <span class='ocrx_word' id='word_1_112' title='bbox 445 2467 511 2522; x_wconf 78' lang='lat'><strong>500.</strong></span> <span class='ocrx_word' id='word_1_113' title='bbox 960 2472 963 2477; x_wconf 83' lang='grc'><em>’</em></span> 
     </span>
    </p>
   </div>
   <div class='ocr_carea' id='block_1_5' title="bbox 111 2555 1138 4182">
    <p class='ocr_par' dir='ltr' id='par_1_8' title="bbox 111 2555 1138 4182">
     <span class='ocr_line' id='line_1_18' title="bbox 203 2555 1137 2637; baseline -0.001 -20"><span class='ocrx_word' id='word_1_114' title='bbox 203 2558 367 2634; x_wconf 73' lang='lat' dir='ltr'>Cuiusmodi</span> <span class='ocrx_word' id='word_1_115' title='bbox 393 2557 547 2634; x_wconf 87' lang='lat' dir='ltr'>praecipue</span> <span class='ocrx_word' id='word_1_116' title='bbox 576 2569 622 2615; x_wconf 87' lang='lat' dir='ltr'>est</span> <span class='ocrx_word' id='word_1_117' title='bbox 650 2559 796 2636; x_wconf 81' lang='lat' dir='ltr'>exceptio,</span> <span class='ocrx_word' id='word_1_118' title='bbox 827 2579 900 2637; x_wconf 88' lang='lat' dir='ltr'>quae</span> <span class='ocrx_word' id='word_1_119' title='bbox 930 2557 963 2617; x_wconf 86' lang='lat' dir='ltr'>in</span> <span class='ocrx_word' id='word_1_120' title='bbox 993 2555 1137 2635; x_wconf 85' lang='lat' dir='ltr'>principio</span> 
     </span>
     <span class='ocr_line' id='line_1_19' title="bbox 166 2653 1136 2720; baseline 0 -10"><span class='ocrx_word' id='word_1_121' title='bbox 166 2656 238 2714; x_wconf 82' lang='lat' dir='ltr'>Art.</span> <span class='ocrx_word' id='word_1_122' title='bbox 262 2660 346 2713; x_wconf 80' lang='lat'><strong>1408.</strong></span> <span class='ocrx_word' id='word_1_123' title='bbox 370 2655 510 2720; x_wconf 84' lang='lat' dir='ltr'>occurrit;</span> <span class='ocrx_word' id='word_1_124' title='bbox 539 2653 646 2710; x_wconf 86' lang='lat' dir='ltr'>scilicet</span> <span class='ocrx_word' id='word_1_125' title='bbox 670 2654 874 2715; x_wconf 80' lang='lat' dir='ltr'>communioni.</span> <span class='ocrx_word' id='word_1_126' title='bbox 894 2675 955 2712; x_wconf 89' lang='lat' dir='ltr'>non</span> <span class='ocrx_word' id='word_1_127' title='bbox 981 2656 1136 2711; x_wconf 85' lang='lat' dir='ltr'>accensen-</span> 
     </span>
     <span class='ocr_line' id='line_1_20' title="bbox 111 2746 1138 2826; baseline 0.001 -21"><span class='ocrx_word' id='word_1_128' title='bbox 111 2763 114 2769; x_wconf 88' lang='lat'>&#39;</span> <span class='ocrx_word' id='word_1_129' title='bbox 168 2749 237 2805; x_wconf 86' lang='lat' dir='ltr'>dam</span> <span class='ocrx_word' id='word_1_130' title='bbox 267 2751 328 2806; x_wconf 82' lang='lat' dir='ltr'>csse</span> <span class='ocrx_word' id='word_1_131' title='bbox 361 2758 475 2823; x_wconf 86' lang='lat' dir='ltr'>partem</span> <span class='ocrx_word' id='word_1_132' title='bbox 498 2746 540 2805; x_wconf 88' lang='lat' dir='ltr'>rei</span> <span class='ocrx_word' id='word_1_133' title='bbox 568 2747 738 2822; x_wconf 78' lang='lat' dir='ltr'>immobilia,</span> <span class='ocrx_word' id='word_1_134' title='bbox 768 2769 855 2826; x_wconf 88' lang='lat' dir='ltr'>quam</span> <span class='ocrx_word' id='word_1_135' title='bbox 878 2749 1014 2809; x_wconf 84' lang='lat' dir='ltr'>alteruter</span> <span class='ocrx_word' id='word_1_136' title='bbox 1035 2752 1138 2826; x_wconf 83' lang='lat' dir='ltr'>conju-</span> 
     </span>
     <span class='ocr_line' id='line_1_21' title="bbox 168 2844 1136 2924; baseline 0.004 -24"><span class='ocrx_word' id='word_1_137' title='bbox 168 2863 239 2920; x_wconf 84' lang='lat' dir='ltr'>gum</span> <span class='ocrx_word' id='word_1_138' title='bbox 270 2863 336 2901; x_wconf 87' lang='lat' dir='ltr'>cum</span> <span class='ocrx_word' id='word_1_139' title='bbox 366 2844 489 2923; x_wconf 86' lang='lat' dir='ltr'>quodam</span> <span class='ocrx_word' id='word_1_140' title='bbox 520 2844 577 2902; x_wconf 91' lang='lat' dir='ltr'>alio</span> <span class='ocrx_word' id='word_1_141' title='bbox 608 2865 663 2922; x_wconf 87' lang='lat' dir='ltr'>pro</span> <span class='ocrx_word' id='word_1_142' title='bbox 695 2846 815 2907; x_wconf 76' lang='lat' dir='ltr'>indiviso</span> <span class='ocrx_word' id='word_1_143' title='bbox 846 2848 1024 2924; x_wconf 81' lang='lat' dir='ltr'>poslidebut,</span> <span class='ocrx_word' id='word_1_144' title='bbox 1053 2846 1136 2904; x_wconf 84' lang='lat' dir='ltr'>titulo</span> 
     </span>
     <span class='ocr_line' id='line_1_22' title="bbox 166 2940 1138 3017; baseline 0.002 -19"><span class='ocrx_word' id='word_1_145' title='bbox 166 2940 349 3015; x_wconf 84' lang='lat' dir='ltr'>licitationis,</span> <span class='ocrx_word' id='word_1_146' title='bbox 377 2941 491 3000; x_wconf 79' lang='lat' dir='ltr'>fimilive</span> <span class='ocrx_word' id='word_1_147' title='bbox 511 2953 669 3017; x_wconf 82' lang='lat' dir='ltr'>acceptam.</span> <span class='ocrx_word' id='word_1_148' title='bbox 708 2943 739 2998; x_wconf 84' lang='lat' dir='ltr'>si</span> <span class='ocrx_word' id='word_1_149' title='bbox 759 2953 874 3012; x_wconf 84' lang='lat' dir='ltr'>tamen,</span> <span class='ocrx_word' id='word_1_150' title='bbox 893 2953 927 2999; x_wconf 86' lang='lat' dir='ltr'>ut</span> <span class='ocrx_word' id='word_1_151' title='bbox 951 2960 998 2999; x_wconf 82' lang='lat' dir='ltr'>rea</span> <span class='ocrx_word' id='word_1_152' title='bbox 1017 2942 1067 2997; x_wconf 88' lang='lat' dir='ltr'>illa</span> <span class='ocrx_word' id='word_1_153' title='bbox 1088 2960 1138 3000; x_wconf 84' lang='lat' dir='ltr'>ac·-</span> 
     </span>
     <span class='ocr_line' id='line_1_23' title="bbox 170 3034 1138 3114; baseline 0.003 -22"><span class='ocrx_word' id='word_1_154' title='bbox 170 3036 347 3113; x_wconf 82' lang='lat' dir='ltr'>quireretur,</span> <span class='ocrx_word' id='word_1_155' title='bbox 374 3036 485 3114; x_wconf 88' lang='lat' dir='ltr'>aliquid</span> <span class='ocrx_word' id='word_1_156' title='bbox 514 3056 531 3094; x_wconf 88' lang='lat' dir='ltr'>c</span> <span class='ocrx_word' id='word_1_157' title='bbox 555 3035 753 3094; x_wconf 86' lang='lat' dir='ltr'>communione</span> <span class='ocrx_word' id='word_1_158' title='bbox 785 3034 964 3110; x_wconf 85' lang='lat' dir='ltr'>solvebatur,</span> <span class='ocrx_word' id='word_1_159' title='bbox 991 3035 1064 3094; x_wconf 92' lang='lat' dir='ltr'>illud</span> <span class='ocrx_word' id='word_1_160' title='bbox 1088 3056 1138 3094; x_wconf 83' lang='lat' dir='ltr'>ex·</span> 
     </span>
     <span class='ocr_line' id='line_1_24' title="bbox 166 3133 1136 3213; baseline 0.001 -21"><span class='ocrx_word' id='word_1_161' title='bbox 166 3137 289 3213; x_wconf 84' lang='lat' dir='ltr'>pensum</span> <span class='ocrx_word' id='word_1_162' title='bbox 312 3135 505 3192; x_wconf 87' lang='lat' dir='ltr'>communioni</span> <span class='ocrx_word' id='word_1_163' title='bbox 518 3144 563 3192; x_wconf 83' lang='lat' dir='ltr'>est</span> <span class='ocrx_word' id='word_1_164' title='bbox 575 3133 786 3191; x_wconf 85' lang='lat' dir='ltr'>restituendum.</span> <span class='ocrx_word' id='word_1_165' title='bbox 825 3134 945 3205; x_wconf 84' lang='lat' dir='ltr'>Quando</span> <span class='ocrx_word' id='word_1_166' title='bbox 959 3136 1063 3211; x_wconf 84' lang='lat' dir='ltr'>conjux</span> <span class='ocrx_word' id='word_1_167' title='bbox 1074 3155 1136 3193; x_wconf 90' lang='lat' dir='ltr'>rem</span> 
     </span>
     <span class='ocr_line' id='line_1_25' title="bbox 166 3230 1136 3309; baseline 0.002 -18"><span class='ocrx_word' id='word_1_168' title='bbox 166 3253 232 3292; x_wconf 87' lang='lat' dir='ltr'>eam</span> <span class='ocrx_word' id='word_1_169' title='bbox 256 3231 401 3290; x_wconf 86' lang='lat' dir='ltr'>eumalio</span> <span class='ocrx_word' id='word_1_170' title='bbox 424 3233 479 3309; x_wconf 82' lang='lat' dir='ltr'>pro</span> <span class='ocrx_word' id='word_1_171' title='bbox 502 3230 621 3291; x_wconf 82' lang='lat' dir='ltr'>indiviso</span> <span class='ocrx_word' id='word_1_172' title='bbox 653 3250 833 3288; x_wconf 88' lang='lat' dir='ltr'>communem</span> <span class='ocrx_word' id='word_1_173' title='bbox 855 3230 971 3304; x_wconf 88' lang='lat' dir='ltr'>habuit,</span> <span class='ocrx_word' id='word_1_174' title='bbox 999 3244 1027 3290; x_wconf 86' lang='lat' dir='ltr'>et</span> <span class='ocrx_word' id='word_1_175' title='bbox 1048 3233 1136 3293; x_wconf 84' lang='lat' dir='ltr'>mari·</span> 
     </span>
     <span class='ocr_line' id='line_1_26' title="bbox 168 3327 1134 3405; baseline 0.006 -21"><span class='ocrx_word' id='word_1_176' title='bbox 168 3339 230 3403; x_wconf 81' lang='lat' dir='ltr'>tue,</span> <span class='ocrx_word' id='word_1_177' title='bbox 265 3332 316 3386; x_wconf 82' lang='lat' dir='ltr'>suo</span> <span class='ocrx_word' id='word_1_178' title='bbox 345 3331 477 3402; x_wconf 89' lang='lat' dir='ltr'>nomine,</span> <span class='ocrx_word' id='word_1_179' title='bbox 511 3327 632 3387; x_wconf 84' lang='lat' dir='ltr'>alteram</span> <span class='ocrx_word' id='word_1_180' title='bbox 660 3327 703 3386; x_wconf 89' lang='lat' dir='ltr'>rei</span> <span class='ocrx_word' id='word_1_181' title='bbox 736 3339 862 3405; x_wconf 87' lang='lat' dir='ltr'>partem,</span> <span class='ocrx_word' id='word_1_182' title='bbox 896 3328 942 3390; x_wconf 85' lang='lat' dir='ltr'>vel</span> <span class='ocrx_word' id='word_1_183' title='bbox 959 3331 1045 3389; x_wconf 85' lang='lat' dir='ltr'>etiam</span> <span class='ocrx_word' id='word_1_184' title='bbox 1071 3353 1134 3392; x_wconf 88' lang='lat' dir='ltr'>rem</span> 
     </span>
     <span class='ocr_line' id='line_1_27' title="bbox 169 3426 1132 3506; baseline 0.008 -25"><span class='ocrx_word' id='word_1_185' title='bbox 169 3444 285 3492; x_wconf 90' lang='lat' dir='ltr'>omnem</span> <span class='ocrx_word' id='word_1_186' title='bbox 306 3428 468 3504; x_wconf 64' lang='lat' dir='ltr'>nequitiem,</span> <span class='ocrx_word' id='word_1_187' title='bbox 493 3427 561 3486; x_wconf 89' lang='lat' dir='ltr'>lieet</span> <span class='ocrx_word' id='word_1_188' title='bbox 592 3426 724 3505; x_wconf 82' lang='lat' dir='ltr'>conjugi,</span> <span class='ocrx_word' id='word_1_189' title='bbox 750 3426 948 3486; x_wconf 88' lang='lat' dir='ltr'>communione</span> <span class='ocrx_word' id='word_1_190' title='bbox 979 3430 1132 3506; x_wconf 70' lang='lat' dir='ltr'>dissoluta,</span> 
     </span>
     <span class='ocr_line' id='line_1_28' title="bbox 167 3523 1132 3606; baseline 0.004 -23"><span class='ocrx_word' id='word_1_191' title='bbox 167 3523 292 3602; x_wconf 81' lang='lat' dir='ltr'>eligere,</span> <span class='ocrx_word' id='word_1_192' title='bbox 327 3539 422 3591; x_wconf 88' lang='lat' dir='ltr'>utrum</span> <span class='ocrx_word' id='word_1_193' title='bbox 443 3548 505 3585; x_wconf 87' lang='lat' dir='ltr'>rem</span> <span class='ocrx_word' id='word_1_194' title='bbox 533 3527 630 3605; x_wconf 85' lang='lat' dir='ltr'>cupiat</span> <span class='ocrx_word' id='word_1_195' title='bbox 655 3529 800 3601; x_wconf 88' lang='lat' dir='ltr'>omittere,</span> <span class='ocrx_word' id='word_1_196' title='bbox 829 3547 867 3584; x_wconf 90' lang='lat' dir='ltr'>an</span> <span class='ocrx_word' id='word_1_197' title='bbox 891 3527 971 3585; x_wconf 84' lang='lat' dir='ltr'>illam</span> <span class='ocrx_word' id='word_1_198' title='bbox 992 3529 1132 3606; x_wconf 86' lang='lat' dir='ltr'>recipere.</span> 
     </span>
     <span class='ocr_line' id='line_1_29' title="bbox 169 3604 1133 3701; baseline 0.002 -22"><span class='ocrx_word' id='word_1_199' title='bbox 169 3621 201 3679; x_wconf 74' lang='lat' dir='ltr'>si</span> <span class='ocrx_word' id='word_1_200' title='bbox 225 3621 345 3695; x_wconf 79' lang='lat' dir='ltr'>omum,</span> <span class='ocrx_word' id='word_1_201' title='bbox 363 3623 487 3700; x_wconf 65' lang='lat' dir='ltr'>prauum</span> <span class='ocrx_word' id='word_1_202' title='bbox 508 3621 600 3699; x_wconf 73' lang='lat' dir='ltr'>parta</span> <span class='ocrx_word' id='word_1_203' title='bbox 621 3622 649 3678; x_wconf 70' lang='lat' dir='ltr'>a</span> <span class='ocrx_word' id='word_1_204' title='bbox 671 3633 716 3678; x_wconf 69' lang='lat' dir='ltr'>est</span> <span class='ocrx_word' id='word_1_205' title='bbox 738 3620 918 3697; x_wconf 77' lang='lat' dir='ltr'>solvendum,</span> <span class='ocrx_word' id='word_1_206' title='bbox 939 3644 1024 3701; x_wconf 72' lang='lat' dir='ltr'>quam</span> <span class='ocrx_word' id='word_1_207' title='bbox 1040 3604 1133 3681; x_wconf 71' lang='lat' dir='ltr'>inim</span> 
     </span>
     <span class='ocr_line' id='line_1_30' title="bbox 169 3714 1132 3797; baseline 0.006 -23"><span class='ocrx_word' id='word_1_208' title='bbox 169 3714 340 3776; x_wconf 80' lang='lat' dir='ltr'>rehabuit:</span> <span class='ocrx_word' id='word_1_209' title='bbox 379 3719 539 3797; x_wconf 83' lang='lat' dir='ltr'>firecipit‚</span> <span class='ocrx_word' id='word_1_210' title='bbox 575 3721 678 3796; x_wconf 86' lang='lat' dir='ltr'>conjux</span> <span class='ocrx_word' id='word_1_211' title='bbox 705 3719 829 3796; x_wconf 88' lang='lat' dir='ltr'>pretium</span> <span class='ocrx_word' id='word_1_212' title='bbox 856 3719 1048 3776; x_wconf 89' lang='lat' dir='ltr'>communioni</span> <span class='ocrx_word' id='word_1_213' title='bbox 1080 3721 1132 3780; x_wconf 89' lang='lat' dir='ltr'>de-</span> 
     </span>
     <span class='ocr_line' id='line_1_31' title="bbox 169 3813 1131 3897; baseline 0.006 -27"><span class='ocrx_word' id='word_1_214' title='bbox 169 3813 222 3870; x_wconf 88' lang='lat' dir='ltr'>bet</span> <span class='ocrx_word' id='word_1_215' title='bbox 241 3816 408 3889; x_wconf 79' lang='lat' dir='ltr'>restituere,</span> <span class='ocrx_word' id='word_1_216' title='bbox 429 3817 508 3894; x_wconf 88' lang='lat' dir='ltr'>quod</span> <span class='ocrx_word' id='word_1_217' title='bbox 528 3816 689 3875; x_wconf 92' lang='lat' dir='ltr'>communio</span> <span class='ocrx_word' id='word_1_218' title='bbox 712 3819 751 3874; x_wconf 83' lang='lat' dir='ltr'>ud</span> <span class='ocrx_word' id='word_1_219' title='bbox 773 3837 835 3874; x_wconf 88' lang='lat' dir='ltr'>eam</span> <span class='ocrx_word' id='word_1_220' title='bbox 856 3816 1041 3897; x_wconf 72' lang='lat' dir='ltr'>obtinendam</span> <span class='ocrx_word' id='word_1_221' title='bbox 1065 3838 1131 3876; x_wconf 83' lang='lat' dir='ltr'>cro-</span> 
     </span>
     <span class='ocr_line' id='line_1_32' title="bbox 171 3909 1133 3984; baseline 0.003 -17"><span class='ocrx_word' id='word_1_222' title='bbox 171 3909 258 3984; x_wconf 81' lang='lat' dir='ltr'>gavit.</span> <span class='ocrx_word' id='word_1_223' title='bbox 291 3913 359 3976; x_wconf 79' lang='lat' dir='ltr'>Vid.</span> <span class='ocrx_word' id='word_1_224' title='bbox 390 3929 579 3972; x_wconf 70' lang='lat' dir='ltr'>manmena</span> <span class='ocrx_word' id='word_1_225' title='bbox 606 3913 644 3971; x_wconf 82' lang='lat' dir='ltr'>ad</span> <span class='ocrx_word' id='word_1_226' title='bbox 675 3912 705 3970; x_wconf 91' lang='lat' dir='ltr'>d.</span> <span class='ocrx_word' id='word_1_227' title='bbox 732 3915 802 3973; x_wconf 77' lang='lat' dir='ltr'>Art.</span> <span class='ocrx_word' id='word_1_228' title='bbox 829 3916 910 3971; x_wconf 83' lang='lat'><strong>1408.</strong></span> <span class='ocrx_word' id='word_1_229' title='bbox 942 3925 970 3973; x_wconf 89' lang='lat' dir='ltr'>et</span> <span class='ocrx_word' id='word_1_230' title='bbox 995 3929 1133 3974; x_wconf 74' lang='lat' dir='ltr'>unarm-</span> 
     </span>
     <span class='ocr_line' id='line_1_33' title="bbox 172 4010 467 4081; baseline 0.031 -20"><span class='ocrx_word' id='word_1_231' title='bbox 172 4022 287 4080; x_wconf 84' lang='lat' dir='ltr'>conrr,</span> <span class='ocrx_word' id='word_1_232' title='bbox 309 4010 371 4081; x_wconf 87' lang='lat' dir='ltr'>VI,</span> <span class='ocrx_word' id='word_1_233' title='bbox 399 4014 467 4070; x_wconf 78' lang='lat'><strong>304.</strong></span> 
     </span>
     <span class='ocr_line' id='line_1_34' title="bbox 211 4106 741 4182; baseline 0.009 -22"><span class='ocrx_word' id='word_1_234' title='bbox 211 4106 277 4179; x_wconf 78' lang='lat' dir='ltr'>(ro)</span> <span class='ocrx_word' id='word_1_235' title='bbox 302 4107 385 4167; x_wconf 83' lang='lat' dir='ltr'>Conl.</span> <span class='ocrx_word' id='word_1_236' title='bbox 407 4111 477 4166; x_wconf 76' lang='lat' dir='ltr'>Art.</span> <span class='ocrx_word' id='word_1_237' title='bbox 505 4110 585 4182; x_wconf 76' lang='lat'>1439.</span> <span class='ocrx_word' id='word_1_238' title='bbox 611 4106 639 4165; x_wconf 88' lang='lat' dir='ltr'>d.</span> <span class='ocrx_word' id='word_1_239' title='bbox 672 4121 741 4165; x_wconf 87' lang='lat' dir='ltr'>con.</span> 
     </span>
    </p>
   </div>
   <div class='ocr_carea' id='block_1_6' title="bbox 0 0 1310 4838">
    <p class='ocr_par' dir='ltr' id='par_1_9' title="bbox 0 0 1310 4838">
     <span class='ocr_line' id='line_1_35' title="bbox 0 0 1310 4838; baseline 0 0"><span class='ocrx_word' id='word_1_240' title='bbox 0 0 1310 4838; x_wconf 95' lang='lat' dir='ltr'> </span> 
     </span>
    </p>
   </div>
  </div>
 </body>
</html>
