2596 4838
237 431 286 500 ro
361 426 742 515 ntssarraruo
794 430 1065 502 suarum

236 631 338 700 sermo
369 641 438 712 eat,
472 633 531 700 de.
546 634 707 723 oonjuge;
738 637 883 722 quaein
910 635 1062 724 quadam·
1083 642 1197 710 aetio·-

234 758 394 837 nedixit,
428 756 524 826 sein
554 764 783 829 communione
812 763 1006 830 contraxisse
1033 770 1185 854 nuptiae,
1283 853 1285 856 Α

234 896 335 976 atque
370 887 401 954 ei
428 885 547 953 deinde
578 887 687 974 plane.
701 890 893 957 renunciare
927 891 1061 978 nequit:
1093 897 1186 981 quod

233 1035 276 1081 eo
303 1015 405 1103 magia
433 1014 617 1081 mirandum
651 1025 718 1095 est,
748 1017 826 1104 quia
862 1019 1043 1104 complures
1072 1033 1186 1109 postu-

231 1142 401 1220 laverant,
436 1153 474 1208 ut
504 1143 636 1210 eadem.
661 1144 824 1213 distinctio
839 1184 843 1203 ι
858 1145 1048 1216 servaretur.
1091 1149 1186 1216 Cete-

231 1285 305 1332 rum
342 1268 544 1339 observatum
579 1272 678 1339 etIam
712 1285 779 1354 est,
815 1276 1076 1344 constitutionem
1107 1276 1186 1344 dicti

230 1390 309 1474 Art,
332 1393 378 1462 40
400 1398 494 1462 nimia
515 1395 581 1462 ease
612 1397 744 1477 duram,
778 1401 905 1468 ratione
933 1403 1082 1482 viduus
1099 1419 1189 1492 qnae

229 1519 379 1586 nondum
415 1521 508 1592 xv11
547 1522 599 1590 vel
630 1522 739 1591 XVIII
773 1545 878 1590 annm
916 1535 1017 1593 nata·
1039 1540 1107 1609 eat,
1152 1543 1187 1599 et

227 1666 320 1714 nuno
345 1659 479 1737 propter
498 1650 623 1718 obitum
645 1653 772 1730 mariti,
805 1653 841 1717 in
862 1651 957 1740 eujus
976 1656 1077 1722 tuteli
1100 1651 1189 1745 qua?

229 1774 560 1868 fihueuaque-erat,
594 1781 684 1848 omni
718 1778 852 1848 oonsilio
884 1789 984 1868 atque
1012 1780 1186 1868 adjumen-

227 1910 265 1970 to
287 1916 397 1975 earet.
434 1909 548 1992 Quare
578 1911 636 1977 illa
661 1908 832 1981 ridebatur
866 1929 936 1975 non
967 1907 1042 1994 plue
1073 1908 1186 1975 damni

225 2027 286 2095 fini
317 2034 448 2102 afferre
466 2038 630 2118 debuisse,
661 2061 763 2134 quam
799 2038 906 2103 minor
938 2036 1181 2121 emancipatue;

225 2152 267 2225 de
284 2177 353 2240 quo
374 2162 482 2244 agitur
499 2162 535 2225 in
553 2159 631 2229 Art.
643 2161 705 2230 481
732 2183 835 2250 usque
857 2161 902 2227 ad
924 2160 1001 2228 Art.
1014 2160 1081 2228 484
1103 2160 1188 2226 Con.»

225 2279 349 2348 Fratre.
391 2283 457 2349 Sed
480 2287 606 2349 nullam
635 2289 728 2368 Legis
753 2288 965 2351 mutationem
992 2287 1075 2352 haec
1104 2287 1184 2352 effe·

224 2419 352 2486 oerunt.

268 2540 437 2615 Similiter,
471 2535 566 2626 quod
593 2534 671 2604 Art.
695 2534 779 2605 1457
807 2535 885 2604 Con.
914 2536 1037 2605 Fratre.
1064 2539 1185 2627 jubet,-

179 2650 192 2670 ⁰
223 2667 503 2736 renunciationem
546 2665 655 2731 uxoria
693 2663 734 2731 de
778 2665 1008 2732 communione
1048 2665 1181 2736 inscribi

223 2797 314 2885 apud
332 2795 514 2882 Grapheum
532 2792 713 2860 Tribunalis
727 2796 852 2879 primae
869 2793 1062 2876 Imhntiae,
1085 2819 1185 2866 nuno:

222 2927 404 2994 Tribunalis
424 2922 627 3003 Dioioeseos,
649 2924 685 2988 in
700 2922 976 3010 ¹Tohult'e,-quoe
996 2931 1180 2992 manumo-

223 3055 373 3123 tionibus
379 3051 604 3141 successionis
622 3049 825 3136 rempaendio
843 3047 1076 3133 destinantem
1097 3048 1180 3118 haee

224 3191 382 3247 nontam
404 3187 557 3244 accurate
581 3176 617 3240 in
641 3170 718 3239 Art.
736 3172 781 3238 aa
803 3173 1041 3258 exprimuntur:
1062 3196 1180 3263 quam.

222 3308 271 3376 ris
303 3304 454 3371 nonnulli
485 3300 600 3369 eadem
630 3300 728 3368 verbu
762 3299 915 3368 addenda
948 3300 1014 3367 erse
1045 3299 1177 3368 censue·
1245 3367 1249 3373 ,

203 3428 312 3500 runt.
354 3432 409 3497 Uti
438 3431 493 3497 alii
529 3440 655 3515 tempus
684 3428 735 3494 III
769 3427 925 3494 meufimn
956 3437 991 3495 et
1018 3429 1074 3494 XL
1107 3428 1177 3495 die·

168 3641 170 3645 ¹
223 3582 319 3638 rum,
352 3558 388 3624 in
419 3567 560 3643 utroque
587 3557 678 3622 Iure·
697 3555 741 3621 ad
775 3556 863 3623 hane
896 3556 1177 3634 renunciationem

222 3678 461 3755 inscribendam
493 3683 703 3781 destinatum,
736 3681 848 3748 CXXX
873 3680 1010 3760 diebus,
1042 3691 1098 3749 aut
1128 3679 1177 3749 IV

221 3817 274 3887 rel
304 3811 517 3886 Vmeniibue
552 3809 696 3888 definiri,
729 3807 914 3894 oupiebant.
