2596 4838
341 398 946 471 lNAUGURALlS.
1093 411 1136 477 7³

164 606 278 670 iterum
310 602 432 670 differis
466 603 609 702 capreolo
645 613 752 671 tamen
781 627 871 672 nunc
902 605 1049 674 statuitur
1078 614 1115 677 in

165 732 240 801 Art.
259 735 281 799 6
305 733 462 799 dc'rituli
484 734 538 822 7„
553 753 704 810 uxorem,
737 723 874 801 durante
897 737 959 801 litis
982 740 1113 803 'contes-

164 864 305 940 tatione,
336 882 410 926 cum
434 856 591 924 consensu
618 859 759 955 tunicis,
787 863 877 928 varia
900 864 1038 929 remedia
1059 865 1113 928 in-

163 991 289 1058 stituere
317 991 427 1087 posse,
460 991 578 1078 quibua
606 992 798 1077 impeditur,
829 995 1001 1081 quominus
1023 993 1112 1060 bona

161 1121 323 1208 quaedam
347 1120 554 1186 effundantur
575 1141 615 1186 ac
639 1119 866 1206 dilapidentur.

202 1230 357 1336 Tcmpuaj
392 1251 477 1316 intra
509 1249 601 1336 quod
621 1248 797 1316 secundum
821 1249 898 1318 Art.
924 1251 1007 1317 1444
1030 1254 1108 1320 Con.

162 1377 306 1454 Prono,
333 1399 415 1445 uxor
437 1377 669 1464 separationem
690 1381 893 1465 impetratam
913 1379 1040 1466 exsequi
1062 1392 1111 1446 te*

102 1551 107 1559 ι
165 1515 276 1582 netur,
300 1505 437 1572 duarum
449 1504 690 1572 hebdomadum
710 1504 849 1587 scilicct3
871 1527 960 1572 nunc
982 1508 1017 1573 in
1032 1505 1109 1573 Art.

80 1651 83 1654 ’
165 1635 186 1702 7
216 1636 377 1722 prolatum
409 1647 457 1703 est
484 1637 527 1714 ad
555 1639 717 1721 integrum
739 1632 890 1701 mensem.

205 1762 381 1848 Separatim
399 1765 434 1829 in
455 1761 565 1829 Arni
586 1763 720 1828 doctum
740 1772 825 1838 erat,
847 1760 1020 1830 creditores
1037 1787 1109 1831 nra-

119 1942 132 1955 „
165 1894 229 1955 riti
246 1891 365 1977 petitae
384 1890 578 1978 separationi
599 1867 779 1976 repugnare
798 1889 907 1974 posse,
938 1891 1112 1978 quominus

165 2019 364 2105 impetretur:
398 2030 431 2084 at
454 2020 569 2084 iterum
596 2015 671 2083 Art.
693 2017 717 2084 8
744 2017 868 2094 statuit,
892 2017 1022 2083 eosdem
1041 2038 1114 2084 crc-

134 2139 137 2148 ’
167 2146 304 2224 ditores,
339 2148 397 2233 qui
431 2168 499 2211 non
531 2145 580 2210 liti
604 2143 854 2222 intercesserint,
882 2143 1117 2231 separationem

165 2275 326 2342 bonorum
349 2274 521 2361 prohibere
540 2271 650 2359 posse,
674 2295 759 2360 quae
782 2275 817 2337 in
839 2274 1039 2340 manifestam
1054 2275 1113 2362 ju-

166 2406 249 2471 rium
276 2407 405 2468 illorum
436 2403 691 2467 imminutionem
711 2412 758 2464 est
779 2398 947 2475 concessa,
977 2401 1115 2486 valjam

169 2532 263 2596 etiam
294 2531 419 2597 effecta.
464 2530 571 2611 Quum
604 2532 701 2616 igitur
726 2529 853 2610 duobuo
881 2528 962 2593 locis
982 2528 1047 2593 sere
1071 2528 1115 2593 de

171 2660 284 2725 eadem
305 2657 438 2722 materia
461 2668 595 2744 agatur3
623 2657 772 2723 nonnulli
796 2657 832 2718 in
854 2655 999 2721 Concilio
1018 2654 1114 2720 Ordi-

167 2808 247 2853 num
267 2786 466 2851 Generalimn
485 2796 697 2872 putaverunt,
724 2785 903 2856 Articulum
921 2783 947 2851 8
965 2781 1030 2848 esse
1050 2785 1114 2850 tol·

168 2917 333 2994 lendum‚.
360 2927 392 2981 et
423 2917 644 2983 definiendum
681 2915 789 2998 potius
823 2910 887 2979 esse
920 2913 956 2976 in
989 2909 1067 2976 Art.
1095 2911 1118 2974 4

170 3055 291 3109 certum
316 3046 467 3130 temporis
489 3045 641 3130 spatium,
665 3045 750 3106 intra
775 3040 866 3127 quod
885 3039 990 3104 mariti
1010 3037 1116 3102 oredi-

170 3184 256 3238 tores
272 3171 334 3239 sele
355 3195 521 3259 opponere
539 3172 684 3258 possunt.
712 3170 788 3237 Art.
807 3181 913 3236 autem
932 3167 1015 3233 1446
1039 3169 1117 3234 Coo.

171 3301 342 3378 Fraccz'oz',
374 3300 505 3368 sortasse
536 3313 668 3388 propter
697 3300 771 3367 Art.
805 3304 819 3366 l
846 3310 975 3368 nostrae
1005 3299 1114 3385 legis.

173 3452 242 3496 non
276 3432 428 3495 occurrit.
981 3422 983 3427 ’

209 3558 301 3621 Inter
331 3557 461 3622 effectus
491 3561 596 3623 sactae
630 3558 837 3644 separationis
859 3565 1052 3622 memoratur
1075 3554 1111 3616 in

170 3681 246 3748 Art.
279 3681 336 3759 10,
381 3704 529 3759 uxorem.
574 3705 659 3769 quac
691 3682 924 3769 separationem
955 3679 1117 3742 bonorum

171 3811 269 3888 iecit,
309 3808 442 3876 liberam
475 3811 779 3876 administrationem
813 3829 925 3874 eorum
956 3807 1115 3892 racipere,

174 3944 224 4011 et,
259 3955 328 4001 non
354 3933 498 4001 obstante
520 3933 595 3999 Art.
626 3932 767 3999 6Tituli
790 3932 829 4006 ὅ,
860 3952 879 3994 a
912 3930 1024 3997 Judice
1057 3931 1119 3993 im·
1174 4018 1176 4020 V

84 4126 86 4131 .
173 4071 300 4150 petrare
329 4061 420 4148 posse
448 4061 625 4135 universam
649 4061 834 4128 facultatem
860 4058 901 4126 de
934 4057 1029 4125 rebus
1057 4051 1120 4120 suis

674 4186 715 4252 10
1055 4200 1126 4244 mo·
1237 4232 1241 4239 .
