2596 4838
359 415 954 485 lNAUGURALIS.
1091 420 1138 487 55

184 622 233 692 te'r
252 620 333 689 illud
361 624 490 701 moris,
525 626 613 712 qun'e
643 622 680 690 in
710 619 876 689 bonomm
902 621 1135 690 communione

88 795 90 800 -
181 762 238 820 est.
271 749 540 840 Ubihujusmodi
562 751 702 839 qualitas
720 748 829 826 adest,
850 744 1014 826 velutifi,
1037 765 1135 836 praes·

178 891 228 947 ter
260 879 391 945 titulum
421 876 681 952 communionis,
715 876 813 940 etiam
845 874 1021 941 liberorum
1059 873 1137 944 suo·

176 1029 252 1074 rum
285 1015 375 1095 gerat
418 1003 577 1081 tutelam,
619 1003 825 1069 manifestum
867 1013 937 1082 est,
980 1024 1053 1081 eam
1088 1004 1135 1070 itu

178 1130 591 1224 agendo'communionern
612 1152 682 1196 non
705 1131 854 1218 accipere
871 1128 1026 1199 voluisse:
1048 1151 1135 1220 quo·

179 1265 269 1329 niam
297 1260 361 1327 alid
392 1257 535 1350 quddam
567 1258 663 1328 causl
699 1261 776 1328 duci
807 1261 954 1339 videtur¹
987 1258 1045 1325 ubi
1075 1278 1136 1345 pe·

179 1390 283 1457 riculo
303 1390 478 1459 liberorum
498 1389 568 1479 ejus
585 1393 705 1459 tutelae
722 1390 980 1467 commissorum.
1012 1385 1133 1470 solvat3

175 1536 275 1603 quam
299 1525 336 1582 ut
367 1517 604 1584 communionis
634 1519 826 1585 retinendae
847 1519 1050 1588 voluntatem
1071 1516 1134 1605 fig-

52 1721 66 1734 „
175 1646 299 1713 nificet.
341 1647 408 1714 Sed
443 1645 468 1712 fi
499 1646 624 1711 nullam
652 1646 749 1711 aliam
773 1645 895 1711 habeat
923 1648 1132 1734 qualitatem,

89 1869 90 1872 Ἴ
176 1785 305 1861 praeter
328 1775 418 1841 illam
449 1775 707 1852 communionis,
739 1775 897 1861 quoniam
925 1791 1136 1859 nequaquam

176 1922 269 1967 nunc
298 1901 462 1988 quaedum
500 1901 565 1967 alia
595 1921 668 1965 eam
700 1898 850 1966 incitasse
873 1900 1002 1968 videtur
1034 1899 1132 1977 ratio,

177 2031 238 2113 nili
263 2041 301 2096 ut
332 2029 570 2098 communionis
596 2027 674 2115 jura
709 2038 856 2112 tueatur;
886 2051 948 2117 per
975 2026 1136 2116 ejusmodi

174 2160 299 2225 factum
339 2155 488 2224 censetur
530 2156 627 2223 tacite
658 2156 920 2223 communionem
956 2155 1132 2244 accepisse:

85 2312 90 2319 ·
171 2286 251 2371 quia
279 2305 348 2349 non
372 2281 525 2348 credibile
549 2293 614 2360 est,
649 2284 789 2369 aliquem
815 2283 939 2373 absque
968 2288 1037 2352 ullo
1055 2284 1133 2373 jure

172 2411 214 2478 de
245 2434 280 2477 re
308 2411 415 2477 alieni
440 2411 611 2499 disponere
636 2411 793 2489 voluisse,
829 2422 886 2476 aut
908 2414 1039 2476 alterius
1068 2411 1133 2479 fol·

171 2558 243 2605 vere
271 2538 436 2618 debitum,
470 2541 563 2628 quod
591 2539 648 2607 sua
678 2541 760 2608 nihil
790 2543 956 2609 intererat.

214 2668 357 2748 Quando
381 2679 489 2735 autem
517 2679 564 2735 est
592 2671 829 2736 communionis
847 2671 1013 2752 debitum,
1038 2672 1131 2761 quod

169 2814 254 2859 uxor
281 2791 394 2871 solvit,
431 2816 499 2882 quo
532 2792 602 2880 ipsa
634 2795 670 2860 in
693 2793 832 2862 solidum
860 2796 1047 2876 tenebatur,
1071 2808 1130 2864 aut

168 2918 262 3008 eujus
284 2925 470 2990 cautionem
489 2924 706 3010 praestiterat,
739 2926 820 2989 nihil
841 2926 989 2991 censetur
1009 2924 1127 3010 egisse,

166 3069 236 3134 quo
265 3052 451 3118 communio
489 3062 627 3138 accepta
662 3051 803 3121 videtur.
847 3054 930 3117 llam
961 3052 1040 3139 quia
1073 3061 1132 3118 aut

169 3175 239 3265 ipsa
260 3176 483 3265 fidejusserat‚
513 3181 692 3247 autetiam
721 3182 758 3247 in
790 3180 927 3248 solidum
963 3181 1124 3261 debebat,

167 3315 238 3371 erat
271 3306 354 3374 haec
377 3309 474 3375 causa
493 3309 604 3397 justa,
627 3309 696 3400 qud
719 3310 763 3377 ad
795 3309 984 3380 solvendum
1011 3312 1127 3399 impel-

167 3429 307 3499 labatur.

587 3568 619 3657 l·
662 3570 694 3638 7.

206 3819 314 3903 Uxor,
339 3822 395 3890 sua
425 3826 662 3893 communionis
693 3826 772 3913 jura
795 3829 892 3893 etiam
924 3826 1032 3893 mariti
1063 3827 1124 3891 he·

165 3946 295 4014 sedibus
314 3952 448 4031 cedens,
472 3953 571 4031 facit,
597 3962 634 4018 ut
662 3954 925 4020 communionem
963 3951 1123 4044 accepisse

158 4076 326 4145 credatur.
366 4080 458 4149 Idem
482 4082 591 4148 locum
611 4080 731 4164 habet,
755 4080 778 4155 fi
800 4093 856 4150 aut
878 4086 1039 4169 gratuito,
1064 4089 1121 4145 aut

1052 4231 1121 4274 non
