2596 4838
307 307 927 429 ..ruauuuaunls
1094 367 1120 430 5

172 569 301 652 „Quod
338 576 445 634 autam
485 566 656 632 Drorrsrus
692 567 999 636 Humcaarsssnnsrs
1032 569 1120 657 (15).

161 697 337 764 Mulierem
361 705 521 783 nuptam,
545 717 634 782 quae
653 696 762 782 juata
775 695 902 782 sacras
922 697 1016 785 leges
1037 719 1119 763 aaa·

162 826 310 913 venisset
336 847 411 891 aum
443 826 534 900 uiro,
562 827 767 911 participem
793 829 938 890 omnium
959 825 1123 924 honarum

160 964 197 1018 et
218 953 403 1040 sacrorum
438 961 555 1032 vocat3
589 952 720 1023 minime
757 953 946 1038 opinionem
977 964 1123 1024 nostram

162 1083 259 1156 tollit.
302 1080 485 1148 Ostendant
508 1080 593 1145 enim
614 1081 763 1146 Dromsrr
777 1080 881 1148 'verba
909 1079 990 1149 nihil
1012 1079 1124 1162 aliud,
1201 1065 1208 1084 ⁰

165 1209 224 1285 nisr
248 1211 434 1294 muiierem,
467 1210 538 1275 viro
568 1208 707 1294 legitime
725 1207 898 1294 junctum,
921 1209 1125 1277 fortunarum

167 1357 209 1405 aa
240 1336 402 1404 sacrorum
433 1337 479 1402 illi
513 1335 643 1402 existere
670 1333 809 1403 sociam:
841 1339 942 1425 plane
968 1337 1129 1425 quemad·

167 1467 301 1537 modum
334 1467 368 1530 in
398 1466 480 1552 Lege
517 1464 550 1529 4.
579 1462 618 1530 C.
646 1465 689 1531 cie
728 1463 830 1531 Oraia.
871 1465 975 1554 eapr'l.
1010 1465 1127 1534 hored.

167 1616 249 1684 uxor
264 1593 365 1680 sooria
389 1597 443 1658 rei
468 1593 637 1658 humanae
664 1603 768 1680 utque
789 1595 927 1658 drur'aae
945 1592 1128 1678 domussd)

159 1725 298 1808 Jasar'pi
329 1719 371 1787 ab
416 1721 615 1806 Imperatore
659 1720 832 1784 Gonnrrao
872 1719 1003 1785 dicitur.
1045 1721 1128 1785 llum

171 1858 310 1937 uterque
352 1849 461 1923 locus,
481 1851 595 1933 'quem
639 1846 866 1932 allegavimus,
908 1847 1133 1934 intelligendus

172 1976 322 2043 videatur
342 1975 385 2041 de
407 1976 527 2060 nuptiis
553 1974 765 2039 confarreatis
785 1984 818 2040 et
839 1994 898 2058 per
918 1975 1133 2049 coimtionem

176 2106 372 2183 contractis3
408 2105 465 2190 qui
496 2101 614 2167 modus
644 2103 842 2169 matrimonii
878 2101 1013 2168 ineundi
1047 2105 1133 2169 anti·

176 2232 330 2320 quisiimis
355 2231 552 2318 temporibus
586 2232 705 2300 Rouan
735 2233 769 2298 ia
796 2230 853 2298 usu
887 2232 947 2297 ruit
984 2228 1069 2318 (17).
1105 2273 1112 2281 -

601 2491 631 2578 a.
673 2492 706 2554 a.

208 2745 304 2824 erae
334 2742 423 2808 dicta
450 2742 546 2820 suut,
577 2742 658 2807 illud
682 2751 789 2808 tamen
818 2743 949 2809 minime
976 2740 1135 2822 efficiant,

174 2871 272 2958 quafi
300 2869 473 2958 conjuges,
495 2873 531 2934 in
558 2871 679 2955 nuptiis
700 2870 933 2937 contrahendis
963 2872 1052 2956 apud
1068 2873 1140 2936 Ro·

1082 3016 1145 3065 aa·

177 3142 285 3224 ipius,
315 3163 400 3224 quam
423 3142 546 3201 alterum
569 3139 678 3216 diligat.
719 3139 796 3211 Quid
818 3151 862 3198 est
884 3134 960 3198 enim
990 3143 1067 3220 quod
1089 3136 1147 3204 dir.

177 3245 289 3316 userat,
326 3262 391 3300 oum
421 3244 474 3298 fint
497 3249 600 3296 cuncta
625 3236 730 3314 paria?
756 3237 833 3308 Quid
856 3239 875 3294 fi
905 3239 1040 3301 interesse
1064 3245 1149 3322 quid·
1198 3245 1201 3249 ’

180 3341 281 3418 apium
303 3338 446 3398 tantulum
470 3337 556 3396 modo
576 3336 718 3412 potuerit,
745 3336 802 3410 jam
817 3336 955 3395 amicitiae
977 3360 1083 3398 nomen
1098 3360 1150 3400 oc-

181 3436 321 3504 aaiderit;
361 3437 441 3510 cujus
464 3444 507 3490 est
536 3452 570 3490 ea
599 3433 657 3503 vis,
684 3442 733 3505 ut,
762 3433 841 3490 [imul
863 3443 949 3510 atque
971 3435 1021 3491 fibi
1040 3437 1150 3513 aliquid

182 3552 293 3609 aquam
313 3530 397 3589 alteri
418 3529 568 3601 maluerit,
595 3528 676 3586 nulla
700 3529 768 3588 sit.’'
808 3532 846 3586 Et
866 3549 939 3609 quae
954 3529 1010 3588 alia
1029 3531 1093 3590 loca
1109 3533 1152 3591 ibi

167 3629 276 3687 Juudut
297 3644 451 3686 navrsrus.
1169 3665 1172 3670 2

220 3726 290 3799 (15)
321 3727 422 3798 Autiq.
444 3728 528 3783 Rom.
550 3722 631 3781 Libr.
658 3724 700 3782 11.
722 3722 801 3784 Edit.
827 3738 981 3784 suasano.
1006 3724 1089 3784 Tora.
1113 3725 1147 3800 Ι,

183 3841 216 3899 r·
242 3826 290 3893 9⁵·

224 3915 300 3994 (ιθ)
326 3921 422 3977 Dama
443 3938 503 3974 non
522 3922 648 3992 Domus,
676 3918 720 3975 uti
742 3917 829 3994 vulgo
862 3917 969 3990 editur,
999 3917 1153 3996 legendum

186 4012 266 4086 esse,
292 4014 376 4072 docet
394 4029 635 4072 amunsaonx.
662 4014 728 4089 Obs.
752 4013 833 4070 Libr.
858 4015 919 4085 IV,
947 4015 1013 4088 Obſs
1032 4019 1079 4070 25.
1128 4030 1130 4035 ·

230 4108 300 4188 (η)
332 4114 377 4170 De
407 4110 464 4168 ritu
494 4111 676 4188 nuptiarum,
713 4110 762 4184 qui
790 4112 1006 4185 Consurreatio
1030 4109 1153 4185 dicitur,
