2596 4838
145 403 205 477 aa
319 373 946 471 urssuurarroro'arnrea
1042 474 1049 481 ,

205 609 283 675 Post
311 606 392 673 haec
414 604 508 673 debet
529 607 629 691 petita
652 606 808 693 separatio
837 607 1015 694 publicari,
1046 626 1108 694 ope
1212 601 1217 610 '

166 733 368 825 assiriorum,
403 754 488 820 quae
518 734 554 798 in
589 733 758 802 Auditorio
788 746 886 823 atque
921 735 956 800 in
985 737 1112 822 praeci·

164 884 233 950 puo
262 862 399 934 introitu
429 847 608 927 tribunitii
637 862 741 941 fiunt,
775 874 807 928 et
842 860 1022 929 inseruntur
1055 863 1114 926 uni

143 985 347 1058 ·liiariorum
371 990 577 1070 Provinciae3
600 999 673 1067 aut,
699 989 813 1076 (quod
834 991 870 1055 in
893 991 997 1076 primo
1016 988 1115 1078 hujus
1162 1017 1165 1021 ·

170 1119 262 1205 Legis
291 1096 462 1202 specimine
476 1137 559 1217 'non
587 1115 798 1204 legebatur),
831 1116 959 1184 fihaec
990 1117 1116 1195 desint,

169 1246 206 1309 in
238 1243 300 1308 illia
328 1243 519 1310 Provinciae
549 1245 686 1310 vicinae.
729 1245 794 1310 Has
826 1245 991 1311 affixiones
1023 1243 1121 1311 dehet

171 1373 280 1438 testari
312 1372 489 1457 apparitor.
532 1369 678 1436 Ceterum
715 1370 835 1438 debent
866 1371 928 1438 hae
957 1373 1123 1439 affixiouea

173 1500 260 1566 idem
288 1500 474 1575 continere,
508 1499 599 1585 quod
626 1499 660 1563 in
687 1500 763 1564 Jure
793 1499 956 1564 Fronea'eo
986 1501 1124 1585 requiri·

175 1638 244 1708 tur3
276 1627 415 1713 exceptis
451 1626 636 1692 nominibus
666 1636 699 1691 et
731 1626 895 1692 domicilio
927 1607 1126 1692 Proourato-

176 1777 267 1822 rum:
300 1777 376 1821 narn
403 1757 427 1819 ii
452 1755 585 1851 ianure
613 1764 724 1820 nostro
749 1753 812 1820 hae
841 1756 875 1818 in
899 1776 935 1820 re
960 1775 1029 1819 non
1052 1773 1122 1819 me·

177 1894 362 1965 morantur3
391 1905 499 1970 neque
530 1884 627 1949 etiarn
661 1884 722 1947 illis
753 1883 894 1948 officium
928 1882 1125 1967 imponitur,

181 2012 274 2097 quod
292 2010 387 2096 jubet
407 2009 484 2077 Art.
506 1997 571 2077 866
596 2018 650 2075 n‘'.
675 2012 698 2074 3
726 2009 758 2074 d.
783 2010 864 2075 Con.
895 2009 1017 2074 Frooo.
1052 2009 1127 2077 vid.

180 2135 257 2201 Art.
290 2136 334 2201 36
363 2137 397 2200 d.
427 2137 505 2204 Con.
534 2135 635 2222 Belg:
686 2135 759 2200 Non
793 2137 928 2220 amplius
960 2138 1066 2223 igitur*
1092 2135 1133 2200 fi-

181 2262 271 2326 miles
299 2261 464 2326 affixiones
486 2263 690 2347 requirentur
714 2262 817 2343 apudv
835 2261 986 2324 Tribunos
1011 2263 1136 2328 uerea-

182 2400 295 2467 turae,
330 2365 387 2453 aut
417 2387 453 2452 in
487 2384 632 2453 Concilio
662 2385 914 2449 Procuratorem
949 2409 989 2452 ao
1018 2387 1134 2454 Tebel·
1166 2356 1169 2363 i

182 2516 322 2582 lionum:
344 2513 437 2602 quod
459 2524 491 2580 et
513 2512 711 2578 Frooeioum
735 2512 870 2578 mandat
895 2515 969 2596 Jus;
1001 2509 1047 2580 uu
1071 2538 1132 2580 an·

188 2653 241 2708 tea
268 2642 415 2709 vidimus.

227 2768 397 2835 Sententia
433 2770 474 2834 de
516 2769 617 2855 petits
658 2769 858 2855 separatione
899 2761 1005 2859 neque
1043 2774 1140 2838 etiam

191 2917 282 2962 nuno
317 2896 392 2961 serri
425 2905 549 2982 potest,
589 2897 647 2962 nisi
687 2896 816 2975 mense,
858 2908 1033 2986 postquam
1080 2898 1138 2979 aa,

190 3044 279 3111 quae
311 3021 511 3091 observanda
541 3023 633 3102 sunt,
669 3027 729 3091 rite
762 3036 895 3112 peraeta
927 3039 1033 3093 erunt.

235 3151 416 3216 creditores
449 3151 555 3215 mariti
596 3174 615 3216 a
662 3153 875 3219 Procuratore
924 3158 1030 3221 uxoris
1073 3177 1143 3222 non

193 3276 330 3360 amplius
370 3286 479 3360 petere
512 3276 667 3362 possunt,
703 3289 740 3344 ut
776 3280 834 3345 sibi
868 3283 1147 3349 communicentur

194 3423 251 3478 ea,
283 3400 400 3488 quibus
427 3384 541 3488 petitio
572 3404 747 3490 probatur:
781 3418 827 3473 est
856 3393 947 3474 'enim
978 3407 1055 3477 Art.
1081 3410 1145 3479 871

197 3528 275 3595 Coo.
309 3528 432 3594 Fratre.
463 3531 499 3595 in
536 3533 611 3597 Jure
646 3543 758 3599 nostro
792 3535 933 3603 omissus.

239 3656 282 3720 Ut
303 3665 410 3721 autem
423 3656 583 3722 Judieium
603 3658 810 3744 separationis
825 3665 955 3749 publice
975 3669 1144 3744 recitetur,

198 3791 261 3847 cet.
283 3804 322 3846 ex
343 3782 419 3851 Art.
436 3785 518 3864 872,
544 3809 612 3851 non
635 3790 776 3873 expresse
795 3803 1008 3861 memoratur:
1033 3794 1150 3860 suffieit

198 3910 303 3986 enim,
326 3909 350 3982 st
374 3911 418 3978 ad
439 3913 602 3998 publicam
624 3917 771 3982 notitiam
791 3921 967 3999 reseratur,
998 3935 1151 4009 excerpto

102 4016 106 4024 ⁴
202 4038 400 4127 Sententiam
420 4041 511 4136 quod
526 4042 574 4114 1⁰,
588 4042 734 4113 inseritur
752 4047 880 4119 tabulae
899 4071 938 4117 eo
957 4051 1150 4126 destinatae,

1116 4180 1153 4248 iu
