2596 4838
316 389 954 485 innocue-amis.
1083 403 1149 490 ar'
1251 381 1255 391 ’

164 627 230 696 erse
254 616 416 703 creditur,
441 631 550 709 neque
566 614 688 708 ‘aliquis
709 631 778 687 rem'
799 641 875 687 eum
893 621 933 687 ed
954 621 1018 688 rite
1041 626 1126 690 con2

164 757 287 824 trahere
307 763 438 842 potest,
461 750 520 819 nisi
537 751 627 837 prius
644 746 855 836 separationis
870 749 1032 816 Iudicium
1051 751 1126 840 jue·

162 893 212 951 toa
235 882 371 950 effectus
391 878 552 946 habuerit.
592 878 634 941 In
662 877 739 941 ture
772 879 911 964 antiquo
936 878 1123 958 Franciae,

161 1010 291 1077 initium
311 1006 509 1096 exsequendi
536 1003 707 1071 constabat
732 972 927 1071 sufficienter
949 975 1128 1071 ex'instru·
1159 1009 1170 1090 3

163 1144 277 1203 mento
309 1133 520 1210 authentico,
551 1152 611 1218 per
639 1114 856 1218 apparitorem
899 1133 1072 1217 consect03
1104 1112 1126 1202 'e

165 1283 237 1351 quo
265 1259 463 1349 apparebat,
501 1260 641 1327 mobilia
664 1260 791 1340 mariti,
835 1271 972 1350 rogante
1000 1268 1126 1340 uxore,

166 1410 254 1477 quoe
283 1388 517 1476 separationem
537 1390 722 1476 petiverat,
755 1389 908 1477 publicae
943 1389 1125 1459 venditioni

108 1605 111 1610 .
165 1503 257 1585 suiase
276 1516 438 1586 submissa.
479 1515 629 1585 Similiter
646 1512 719 1583 moe
744 1527 827 1584 tunc
847 1528 938 1597 erat,
965 1530 1003 1584 ut
1019 1517 1127 1599 uror,

165 1666 266 1734 quam
282 1645 488 1736 separatam
515 1667 607 1711 nunc
640 1646 748 1712 dicere
774 1647 889 1725 liceat,
923 1646 981 1711 ubi
1003 1644 1130 1712 reditur

168 1772 244 1840 suec
261 1774 425 1860 recipere,
450 1783 508 1839 aut
541 1772 726 1860 quidquam
756 1773 871 1850 atiud,
905 1773 998 1861 quod
1027 1775 1133 1840 admi·

169 1900 369 1968 nistrationia
398 1905 567 1988 proprium
595 1908 663 1978 est,
680 1914 789 1988 ‘agere
811 1901 931 1980 voluit,
973 1900 1130 1969 debitori-

168 2026 233 2095 hm
262 2026 327 2094 fuir
359 2038 417 2093 eut
451 2028 546 2094 tertio
584 2026 736 2107 cuidam,
767 2049 912 2117 quocum
938 2031 1130 2100 contrahere

170 2155 345 2243 cupiebas·
367 2176 438 2222 non
461 2164 588 2223 tantum
604 2165 790 2243 excerptum
809 2157 930 2224 iudicii
953 2157 1132 2246 separatio-²
1270 2171 1275 2177 ·

172 2283 240 2361 nie,
263 2282 320 2351 sed
348 2284 446 2351 etiam
465 2283 668 2353 instrumenti
698 2284 899 2365 authentici,
923 2287 1017 2375 quod
1050 2310 1130 2356 ven·

174 2410 331 2479 ditionem
363 2432 473 2478 rerum
498 2411 670 2478 mobilium
688 2413 798 2477 mariti
825 2413 1011 2491 indicabat,
1045 2414 1135 2480 exhi}

171 2538 294 2609 beret-⁴
315 2539 419 2607 Hodie
453 2547 563 2604 autem
603 2559 687 2604 uxor
721 2539 851 2604 tertium
878 2539 970 2612 illum
1002 2540 1133 2630 insuper

172 2667 312 2739 edocere
337 2665 470 2743 debet,
511 2663 675 2731 Iudicium
697 2665 753 2732 ‘de
793 2665 996 2753 separatione
1029 2672 1137 2739 latum'

175 2793 208 2861 se
232 2794 294 2859 rite
315 2789 444 2880 exsequi
468 2791 626 2879 coepisse;
656 2792 834 2863 seeundum
853 2817 926 2864 earn
947 2799 1126 2879 rationem,

175 2942 277 3010 quam
299 2918 396 3008 supra
428 2919 640 2989 indicarimus
670 2923 754 3010 (25).

215 3049 408 3137 Priusquam
439 3058 549 3114 tamen
568 3047 732 3114 Judieium
755 3046 966 3134 separationis
985 3051 1052 3117 ulla
1076 3074 1132 3119 ex-

175 3176 330 3267 sequendi
360 3177 455 3243 initia
491 3175 648 3263 recipiat,
682 3173 813 3263 publice
840 3175 1010 3265 significari
1033 3181 1129 3251 debet

175 3327 234 3394 per
264 3305 424 3373 indicium
455 3305 492 3371 in
521 3303 657 3385 tabuld,
691 3325 776 3393 quae
806 3327 846 3372 eo
875 3305 1033 3376 destinata
1059 3323 1141 3391 eat,·

174 3434 210 3499 in
245 3433 422 3500 Auditorio·
446 3433 627 3500 Tribunatie
647 3433 770 3521 primae
802 3434 994 3519 instantiae,
1029 3449 1129 3529 atque

173 3559 305 3651 insuper
332 3560 513 3627 'tribunalis
530 3562 747 3641 mercaturae,
771 3561 795 3628 si
823 3567 956 3632 maritus
977 3577 1025 3634 est
1044 3578 1143 3634 mer-¹

173 3700 283 3770 eator,
319 3698 377 3758 aut
407 3691 625 3779 argentarium
651 3711 691 3758 eo
716 3692 812 3770 loco,
842 3692 899 3759 ubi
929 3694 1130 3764 domicilium

174 3818 292 3888 habet:
325 3817 420 3910 quod
455 3817 514 3886 nisi
538 3817 629 3906 juetd
670 3821 796 3887 ratione
818 3821 929 3887 locum
952 3818 1128 3900 habuerit,

1034 3951 1131 4041 quid·

209 4100 275 4175 (25)
294 4101 398 4161 Norma
416 4102 507 4180 liujus,
517 4103 559 4168 rei
573 4103 729 4182 explicatur
742 4103 772 4163 in
786 4103 849 4164 Art.
872 4103 955 4162 1444.
971 4105 1048 4162 con.
1067 4106 1131 4161 Cio.
